<?xml version="1.0" encoding="UTF-8" standalone="yes"?>
<PcGts xmlns="http://schema.primaresearch.org/PAGE/gts/pagecontent/2013-07-15" xmlns:xsi="http://www.w3.org/2001/XMLSchema-instance" xsi:schemaLocation="http://schema.primaresearch.org/PAGE/gts/pagecontent/2013-07-15 http://schema.primaresearch.org/PAGE/gts/pagecontent/2013-07-15/pagecontent.xsd">
    <Metadata>
        <Creator>prov=READ-COOP:name=PyLaia@TranskribusPlatform:version=1.6.0:model_id=39995:lm=none:date=19_03_2023_06:34</Creator>
        <Created>2023-03-19T06:05:58.285+01:00</Created>
        <LastChange>2023-03-19T06:34:43.449+01:00</LastChange>
    </Metadata>
    <Page imageFilename="0001_20230313_190056.jpg" imageWidth="3024" imageHeight="4032">
        <ReadingOrder>
            <OrderedGroup id="ro_1679279748759" caption="Regions reading order">
                <RegionRefIndexed index="0" regionRef="tr_6"/>
                <RegionRefIndexed index="1" regionRef="tr_5"/>
                <RegionRefIndexed index="2" regionRef="tr_2"/>
                <RegionRefIndexed index="3" regionRef="tr_3"/>
                <RegionRefIndexed index="4" regionRef="tr_4"/>
                <RegionRefIndexed index="5" regionRef="tr_1"/>
            </OrderedGroup>
        </ReadingOrder>
        <TextRegion id="tr_6" custom="readingOrder {index:0;}">
            <Coords points="1179,236 2299,236 2299,356 1179,356"/>
            <TextLine id="tr_6_tl_1" custom="readingOrder {index:0;}">
                <Coords points="1158,375 2292,311 2296,228 2098,171 1168,218"/>
                <Baseline points="1179,346 1224,346 1269,343 1314,343 1358,343 1403,343 1448,340 1493,340 1538,334 1582,334 1627,331 1672,331 1717,325 1762,322 1806,322 1851,319 1896,313 1941,310 1986,307 2030,304 2075,298 2120,298 2165,295 2210,292 2254,289 2299,286"/>
                <Word id="tr_6_tl_1_w1" custom="readingOrder {index:0;}">
                    <Coords points="1163,301 1163,361 1675,361 1675,301"/>
                    <TextEquiv>
                        <Unicode>Surgoinsville</Unicode>
                    </TextEquiv>
                </Word>
                <Word id="tr_6_tl_1_w2" custom="readingOrder {index:1;}">
                    <Coords points="1777,278 1777,338 1935,338 1935,278"/>
                    <TextEquiv>
                        <Unicode>June</Unicode>
                    </TextEquiv>
                </Word>
                <Word id="tr_6_tl_1_w3" custom="readingOrder {index:2;}">
                    <Coords points="1997,263 1997,323 2069,323 2069,263"/>
                    <TextEquiv>
                        <Unicode>23</Unicode>
                    </TextEquiv>
                </Word>
                <Word id="tr_6_tl_1_w4" custom="readingOrder {index:3;}">
                    <Coords points="2124,252 2124,312 2281,312 2281,252"/>
                    <TextEquiv>
                        <Unicode>1908</Unicode>
                    </TextEquiv>
                </Word>
                <TextEquiv>
                    <Unicode>Surgoinsville June 23 1908</Unicode>
                </TextEquiv>
            </TextLine>
            <TextEquiv>
                <Unicode></Unicode>
            </TextEquiv>
        </TextRegion>
        <TextRegion id="tr_5" custom="readingOrder {index:1;}">
            <Coords points="221,311 2819,311 2819,819 221,819"/>
            <TextLine id="tr_5_tl_1" custom="readingOrder {index:0;}">
                <Coords points="207,402 428,425 452,398 535,395 676,432 850,425 840,298 636,331 555,294 468,325 201,305"/>
                <Baseline points="221,361 265,364 310,367 355,373 400,382 445,385 489,388 534,391 579,394 624,397 669,400 713,403 758,406 803,409 848,415 857,415"/>
                <Word id="tr_5_tl_1_w1" custom="readingOrder {index:0;}">
                    <Coords points="207,322 207,382 272,382 272,322"/>
                    <TextEquiv>
                        <Unicode>My</Unicode>
                    </TextEquiv>
                </Word>
                <Word id="tr_5_tl_1_w2" custom="readingOrder {index:1;}">
                    <Coords points="338,343 338,403 504,403 504,343"/>
                    <TextEquiv>
                        <Unicode>Dear</Unicode>
                    </TextEquiv>
                </Word>
                <Word id="tr_5_tl_1_w3" custom="readingOrder {index:2;}">
                    <Coords points="562,362 562,422 859,422 859,362"/>
                    <TextEquiv>
                        <Unicode>Mother,</Unicode>
                    </TextEquiv>
                </Word>
                <TextEquiv>
                    <Unicode>My Dear Mother,</Unicode>
                </TextEquiv>
            </TextLine>
            <TextLine id="tr_5_tl_2" custom="readingOrder {index:1;}">
                <Coords points="422,482 2667,428 2670,325 1422,435 425,402"/>
                <Baseline points="445,448 483,453 528,456 573,462 618,465 663,468 707,468 752,471 797,474 842,474 887,477 931,474 976,474 1021,474 1066,477 1111,477 1155,477 1200,477 1245,477 1290,474 1335,477 1379,474 1424,471 1469,471 1514,468 1559,465 1603,465 1648,462 1693,459 1738,456 1783,453 1827,450 1872,448 1917,445 1962,439 2007,439 2051,436 2096,433 2141,430 2186,427 2231,424 2275,421 2320,418 2365,415 2410,415 2455,412 2499,409 2544,406 2589,403 2634,403 2679,403"/>
                <Word id="tr_5_tl_2_w1" custom="readingOrder {index:0;}">
                    <Coords points="453,417 453,477 619,477 619,417"/>
                    <TextEquiv>
                        <Unicode>tank</Unicode>
                    </TextEquiv>
                </Word>
                <Word id="tr_5_tl_2_w2" custom="readingOrder {index:1;}">
                    <Coords points="674,430 674,490 828,490 828,430"/>
                    <TextEquiv>
                        <Unicode>said</Unicode>
                    </TextEquiv>
                </Word>
                <Word id="tr_5_tl_2_w3" custom="readingOrder {index:2;}">
                    <Coords points="884,434 884,494 953,494 953,434"/>
                    <TextEquiv>
                        <Unicode>he</Unicode>
                    </TextEquiv>
                </Word>
                <Word id="tr_5_tl_2_w4" custom="readingOrder {index:3;}">
                    <Coords points="1008,437 1008,497 1441,497 1441,437"/>
                    <TextEquiv>
                        <Unicode>telegraphed</Unicode>
                    </TextEquiv>
                </Word>
                <Word id="tr_5_tl_2_w5" custom="readingOrder {index:4;}">
                    <Coords points="1496,425 1496,485 1607,485 1607,425"/>
                    <TextEquiv>
                        <Unicode>you</Unicode>
                    </TextEquiv>
                </Word>
                <Word id="tr_5_tl_2_w6" custom="readingOrder {index:5;}">
                    <Coords points="1662,417 1662,477 1775,477 1775,417"/>
                    <TextEquiv>
                        <Unicode>the</Unicode>
                    </TextEquiv>
                </Word>
                <Word id="tr_5_tl_2_w7" custom="readingOrder {index:6;}">
                    <Coords points="1830,407 1830,467 1941,467 1941,407"/>
                    <TextEquiv>
                        <Unicode>day</Unicode>
                    </TextEquiv>
                </Word>
                <Word id="tr_5_tl_2_w8" custom="readingOrder {index:7;}">
                    <Coords points="1982,393 1982,453 2192,453 2192,393"/>
                    <TextEquiv>
                        <Unicode>Uncle</Unicode>
                    </TextEquiv>
                </Word>
                <Word id="tr_5_tl_2_w9" custom="readingOrder {index:8;}">
                    <Coords points="2247,377 2247,437 2401,437 2401,377"/>
                    <TextEquiv>
                        <Unicode>Will</Unicode>
                    </TextEquiv>
                </Word>
                <Word id="tr_5_tl_2_w10" custom="readingOrder {index:9;}">
                    <Coords points="2456,364 2456,424 2664,424 2664,364"/>
                    <TextEquiv>
                        <Unicode>died.</Unicode>
                    </TextEquiv>
                </Word>
                <TextEquiv>
                    <Unicode>tank said he telegraphed you the day Uncle Will died.</Unicode>
                </TextEquiv>
            </TextLine>
            <TextLine id="tr_5_tl_3" custom="readingOrder {index:2;}">
                <Coords points="207,499 837,576 2680,482 2620,412 716,502 207,405"/>
                <Baseline points="226,498 265,501 310,507 355,510 400,516 445,519 489,522 534,525 579,528 624,531 669,534 713,537 758,540 803,540 848,540 893,540 937,543 982,543 1027,543 1072,543 1117,543 1161,543 1206,543 1251,543 1296,540 1341,540 1385,540 1430,537 1475,534 1520,534 1565,534 1609,528 1654,528 1699,525 1744,522 1789,519 1833,516 1878,513 1923,510 1968,507 2013,504 2057,501 2102,498 2147,495 2192,492 2237,492 2281,489 2326,489 2371,483 2416,483 2461,480 2505,477 2550,468 2595,465 2640,465 2685,462"/>
                <Word id="tr_5_tl_3_w1" custom="readingOrder {index:0;}">
                    <Coords points="249,468 249,528 425,528 425,468"/>
                    <TextEquiv>
                        <Unicode>re</Unicode>
                    </TextEquiv>
                </Word>
                <Word id="tr_5_tl_3_w2" custom="readingOrder {index:1;}">
                    <Coords points="477,487 477,547 673,547 673,487"/>
                    <TextEquiv>
                        <Unicode>drove</Unicode>
                    </TextEquiv>
                </Word>
                <Word id="tr_5_tl_3_w3" custom="readingOrder {index:2;}">
                    <Coords points="725,500 725,560 796,560 796,500"/>
                    <TextEquiv>
                        <Unicode>me</Unicode>
                    </TextEquiv>
                </Word>
                <Word id="tr_5_tl_3_w4" custom="readingOrder {index:3;}">
                    <Coords points="850,501 850,561 991,561 991,501"/>
                    <TextEquiv>
                        <Unicode>doun</Unicode>
                    </TextEquiv>
                </Word>
                <Word id="tr_5_tl_3_w5" custom="readingOrder {index:4;}">
                    <Coords points="1044,503 1044,563 1114,563 1114,503"/>
                    <TextEquiv>
                        <Unicode>to</Unicode>
                    </TextEquiv>
                </Word>
                <Word id="tr_5_tl_3_w6" custom="readingOrder {index:5;}">
                    <Coords points="1169,503 1169,563 1274,563 1274,503"/>
                    <TextEquiv>
                        <Unicode>the</Unicode>
                    </TextEquiv>
                </Word>
                <Word id="tr_5_tl_3_w7" custom="readingOrder {index:6;}">
                    <Coords points="1327,497 1327,557 1522,557 1522,497"/>
                    <TextEquiv>
                        <Unicode>house</Unicode>
                    </TextEquiv>
                </Word>
                <Word id="tr_5_tl_3_w8" custom="readingOrder {index:7;}">
                    <Coords points="1575,488 1575,548 1698,548 1698,488"/>
                    <TextEquiv>
                        <Unicode>the</Unicode>
                    </TextEquiv>
                </Word>
                <Word id="tr_5_tl_3_w9" custom="readingOrder {index:8;}">
                    <Coords points="1733,478 1733,538 1858,538 1858,478"/>
                    <TextEquiv>
                        <Unicode>day</Unicode>
                    </TextEquiv>
                </Word>
                <Word id="tr_5_tl_3_w10" custom="readingOrder {index:9;}">
                    <Coords points="1910,468 1910,528 1981,528 1981,468"/>
                    <TextEquiv>
                        <Unicode>he</Unicode>
                    </TextEquiv>
                </Word>
                <Word id="tr_5_tl_3_w11" custom="readingOrder {index:10;}">
                    <Coords points="2033,459 2033,519 2141,519 2141,459"/>
                    <TextEquiv>
                        <Unicode>was</Unicode>
                    </TextEquiv>
                </Word>
                <Word id="tr_5_tl_3_w12" custom="readingOrder {index:11;}">
                    <Coords points="2211,445 2211,505 2494,505 2494,445"/>
                    <TextEquiv>
                        <Unicode>buried.</Unicode>
                    </TextEquiv>
                </Word>
                <Word id="tr_5_tl_3_w13" custom="readingOrder {index:12;}">
                    <Coords points="2582,425 2582,485 2670,485 2670,425"/>
                    <TextEquiv>
                        <Unicode>He</Unicode>
                    </TextEquiv>
                </Word>
                <TextEquiv>
                    <Unicode>re drove me doun to the house the day he was buried. He</Unicode>
                </TextEquiv>
            </TextLine>
            <TextLine id="tr_5_tl_4" custom="readingOrder {index:3;}">
                <Coords points="218,576 2439,586 2811,549 2814,448 930,582 218,512"/>
                <Baseline points="235,564 265,567 310,570 355,576 400,582 445,585 489,588 534,591 579,594 624,597 669,597 713,603 758,603 803,606 848,606 893,609 937,606 982,609 1027,609 1072,609 1117,609 1161,606 1206,609 1251,609 1296,609 1341,609 1385,606 1430,603 1475,603 1520,600 1565,597 1609,597 1654,594 1699,591 1744,591 1789,588 1833,585 1878,582 1923,579 1968,576 2013,570 2057,570 2102,570 2147,567 2192,564 2237,561 2281,558 2326,555 2371,552 2416,552 2461,546 2505,543 2550,540 2595,540 2640,537 2685,534 2729,531 2774,528 2819,525"/>
                <Word id="tr_5_tl_4_w1" custom="readingOrder {index:0;}">
                    <Coords points="258,536 258,596 460,596 460,536"/>
                    <TextEquiv>
                        <Unicode>toned</Unicode>
                    </TextEquiv>
                </Word>
                <Word id="tr_5_tl_4_w2" custom="readingOrder {index:1;}">
                    <Coords points="513,552 513,612 597,612 597,552"/>
                    <TextEquiv>
                        <Unicode>so</Unicode>
                    </TextEquiv>
                </Word>
                <Word id="tr_5_tl_4_w3" custom="readingOrder {index:2;}">
                    <Coords points="648,563 648,623 802,623 802,563"/>
                    <TextEquiv>
                        <Unicode>calm</Unicode>
                    </TextEquiv>
                </Word>
                <Word id="tr_5_tl_4_w4" custom="readingOrder {index:3;}">
                    <Coords points="853,567 853,627 886,627 886,567"/>
                    <TextEquiv>
                        <Unicode>å</Unicode>
                    </TextEquiv>
                </Word>
                <Word id="tr_5_tl_4_w5" custom="readingOrder {index:4;}">
                    <Coords points="937,569 937,629 1293,629 1293,569"/>
                    <TextEquiv>
                        <Unicode>peaceful,</Unicode>
                    </TextEquiv>
                </Word>
                <Word id="tr_5_tl_4_w6" custom="readingOrder {index:5;}">
                    <Coords points="1344,563 1344,623 1498,623 1498,563"/>
                    <TextEquiv>
                        <Unicode>just</Unicode>
                    </TextEquiv>
                </Word>
                <Word id="tr_5_tl_4_w7" custom="readingOrder {index:6;}">
                    <Coords points="1531,557 1531,617 1616,617 1616,557"/>
                    <TextEquiv>
                        <Unicode>as</Unicode>
                    </TextEquiv>
                </Word>
                <Word id="tr_5_tl_4_w8" custom="readingOrder {index:7;}">
                    <Coords points="1668,551 1668,611 1736,611 1736,551"/>
                    <TextEquiv>
                        <Unicode>if</Unicode>
                    </TextEquiv>
                </Word>
                <Word id="tr_5_tl_4_w9" custom="readingOrder {index:8;}">
                    <Coords points="1786,545 1786,605 1854,605 1854,545"/>
                    <TextEquiv>
                        <Unicode>he</Unicode>
                    </TextEquiv>
                </Word>
                <Word id="tr_5_tl_4_w10" custom="readingOrder {index:9;}">
                    <Coords points="1904,533 1904,593 2075,593 2075,533"/>
                    <TextEquiv>
                        <Unicode>were</Unicode>
                    </TextEquiv>
                </Word>
                <Word id="tr_5_tl_4_w11" custom="readingOrder {index:10;}">
                    <Coords points="2126,518 2126,578 2415,578 2415,518"/>
                    <TextEquiv>
                        <Unicode>asleep.</Unicode>
                    </TextEquiv>
                </Word>
                <Word id="tr_5_tl_4_w12" custom="readingOrder {index:11;}">
                    <Coords points="2499,500 2499,560 2585,560 2585,500"/>
                    <TextEquiv>
                        <Unicode>He</Unicode>
                    </TextEquiv>
                </Word>
                <Word id="tr_5_tl_4_w13" custom="readingOrder {index:12;}">
                    <Coords points="2636,491 2636,551 2805,551 2805,491"/>
                    <TextEquiv>
                        <Unicode>told</Unicode>
                    </TextEquiv>
                </Word>
                <TextEquiv>
                    <Unicode>toned so calm å peaceful, just as if he were asleep. He told</Unicode>
                </TextEquiv>
            </TextLine>
            <TextLine id="tr_5_tl_5" custom="readingOrder {index:4;}">
                <Coords points="214,642 2583,666 2741,539 1215,649 214,579"/>
                <Baseline points="232,630 277,636 322,642 367,648 412,651 456,654 501,657 546,660 591,663 636,666 680,669 725,669 770,672 815,672 860,674 904,674 949,674 994,674 1039,674 1084,677 1128,674 1173,674 1218,674 1263,672 1308,672 1352,672 1397,669 1442,669 1487,669 1532,666 1576,663 1621,663 1666,657 1711,657 1756,657 1800,654 1845,651 1890,648 1935,645 1980,645 2024,642 2069,639 2114,633 2159,633 2204,630 2248,630 2293,624 2338,621 2383,618 2428,615 2472,615 2517,612 2562,612 2607,609 2652,606 2696,600 2741,600"/>
                <Word id="tr_5_tl_5_w1" custom="readingOrder {index:0;}">
                    <Coords points="254,606 254,666 458,666 458,606"/>
                    <TextEquiv>
                        <Unicode>titre</Unicode>
                    </TextEquiv>
                </Word>
                <Word id="tr_5_tl_5_w2" custom="readingOrder {index:1;}">
                    <Coords points="528,622 528,682 630,682 630,622"/>
                    <TextEquiv>
                        <Unicode>the</Unicode>
                    </TextEquiv>
                </Word>
                <Word id="tr_5_tl_5_w3" custom="readingOrder {index:2;}">
                    <Coords points="681,631 681,691 835,691 835,631"/>
                    <TextEquiv>
                        <Unicode>last</Unicode>
                    </TextEquiv>
                </Word>
                <Word id="tr_5_tl_5_w4" custom="readingOrder {index:3;}">
                    <Coords points="903,634 903,694 1039,694 1039,634"/>
                    <TextEquiv>
                        <Unicode>time</Unicode>
                    </TextEquiv>
                </Word>
                <Word id="tr_5_tl_5_w5" custom="readingOrder {index:4;}">
                    <Coords points="1092,634 1092,694 1160,694 1160,634"/>
                    <TextEquiv>
                        <Unicode>he</Unicode>
                    </TextEquiv>
                </Word>
                <Word id="tr_5_tl_5_w6" custom="readingOrder {index:5;}">
                    <Coords points="1211,632 1211,692 1330,692 1330,632"/>
                    <TextEquiv>
                        <Unicode>was</Unicode>
                    </TextEquiv>
                </Word>
                <Word id="tr_5_tl_5_w7" custom="readingOrder {index:6;}">
                    <Coords points="1383,629 1383,689 1450,689 1450,629"/>
                    <TextEquiv>
                        <Unicode>in</Unicode>
                    </TextEquiv>
                </Word>
                <Word id="tr_5_tl_5_w8" custom="readingOrder {index:7;}">
                    <Coords points="1501,623 1501,683 1622,683 1622,623"/>
                    <TextEquiv>
                        <Unicode>the</Unicode>
                    </TextEquiv>
                </Word>
                <Word id="tr_5_tl_5_w9" custom="readingOrder {index:8;}">
                    <Coords points="1673,610 1673,670 2032,670 2032,610"/>
                    <TextEquiv>
                        <Unicode>graveyard</Unicode>
                    </TextEquiv>
                </Word>
                <Word id="tr_5_tl_5_w10" custom="readingOrder {index:9;}">
                    <Coords points="2082,591 2082,651 2288,651 2288,591"/>
                    <TextEquiv>
                        <Unicode>where</Unicode>
                    </TextEquiv>
                </Word>
                <Word id="tr_5_tl_5_w11" custom="readingOrder {index:10;}">
                    <Coords points="2339,578 2339,638 2407,638 2407,578"/>
                    <TextEquiv>
                        <Unicode>he</Unicode>
                    </TextEquiv>
                </Word>
                <Word id="tr_5_tl_5_w12" custom="readingOrder {index:11;}">
                    <Coords points="2477,569 2477,629 2714,629 2714,569"/>
                    <TextEquiv>
                        <Unicode>wanted</Unicode>
                    </TextEquiv>
                </Word>
                <TextEquiv>
                    <Unicode>titre the last time he was in the graveyard where he wanted</Unicode>
                </TextEquiv>
            </TextLine>
            <TextLine id="tr_5_tl_6" custom="readingOrder {index:5;}">
                <Coords points="211,719 1121,773 2490,696 2449,622 1081,706 211,642"/>
                <Baseline points="229,698 259,701 304,707 349,713 394,716 439,719 483,725 528,725 573,728 618,731 663,734 707,737 752,737 797,737 842,740 887,740 931,740 976,740 1021,743 1066,743 1111,743 1155,740 1200,740 1245,740 1290,737 1335,737 1379,737 1424,737 1469,734 1514,734 1559,731 1603,731 1648,728 1693,728 1738,722 1783,719 1827,719 1872,716 1917,713 1962,713 2007,710 2051,707 2096,704 2141,701 2186,701 2231,698 2275,695 2320,692 2365,689 2410,686 2455,686 2499,683"/>
                <Word id="tr_5_tl_6_w1" custom="readingOrder {index:0;}">
                    <Coords points="229,663 229,723 329,723 329,663"/>
                    <TextEquiv>
                        <Unicode>ire</Unicode>
                    </TextEquiv>
                </Word>
                <Word id="tr_5_tl_6_w2" custom="readingOrder {index:1;}">
                    <Coords points="386,685 386,745 588,745 588,685"/>
                    <TextEquiv>
                        <Unicode>grave</Unicode>
                    </TextEquiv>
                </Word>
                <Word id="tr_5_tl_6_w3" custom="readingOrder {index:2;}">
                    <Coords points="645,693 645,753 674,753 674,693"/>
                    <TextEquiv>
                        <Unicode>å</Unicode>
                    </TextEquiv>
                </Word>
                <Word id="tr_5_tl_6_w4" custom="readingOrder {index:3;}">
                    <Coords points="731,698 731,758 919,758 919,698"/>
                    <TextEquiv>
                        <Unicode>asked</Unicode>
                    </TextEquiv>
                </Word>
                <Word id="tr_5_tl_6_w5" custom="readingOrder {index:4;}">
                    <Coords points="976,703 976,763 1090,763 1090,703"/>
                    <TextEquiv>
                        <Unicode>Mr.</Unicode>
                    </TextEquiv>
                </Word>
                <Word id="tr_5_tl_6_w6" custom="readingOrder {index:5;}">
                    <Coords points="1133,697 1133,757 1492,757 1492,697"/>
                    <TextEquiv>
                        <Unicode>Mccutchan</Unicode>
                    </TextEquiv>
                </Word>
                <Word id="tr_5_tl_6_w7" custom="readingOrder {index:6;}">
                    <Coords points="1551,691 1551,751 1608,751 1608,691"/>
                    <TextEquiv>
                        <Unicode>to</Unicode>
                    </TextEquiv>
                </Word>
                <Word id="tr_5_tl_6_w8" custom="readingOrder {index:7;}">
                    <Coords points="1665,679 1665,739 1939,739 1939,679"/>
                    <TextEquiv>
                        <Unicode>conduct</Unicode>
                    </TextEquiv>
                </Word>
                <Word id="tr_5_tl_6_w9" custom="readingOrder {index:8;}">
                    <Coords points="1996,666 1996,726 2110,726 2110,666"/>
                    <TextEquiv>
                        <Unicode>the</Unicode>
                    </TextEquiv>
                </Word>
                <Word id="tr_5_tl_6_w10" custom="readingOrder {index:9;}">
                    <Coords points="2167,651 2167,711 2500,711 2500,651"/>
                    <TextEquiv>
                        <Unicode>service.</Unicode>
                    </TextEquiv>
                </Word>
                <TextEquiv>
                    <Unicode>ire grave å asked Mr. Mccutchan to conduct the service.</Unicode>
                </TextEquiv>
            </TextLine>
            <TextLine id="tr_5_tl_7" custom="readingOrder {index:6;}">
                <Coords points="218,800 2316,806 2764,763 2767,686 1121,773 218,719"/>
                <Baseline points="235,773 268,773 313,776 358,782 403,782 448,791 492,794 537,797 582,800 627,800 672,800 716,803 761,806 806,806 851,806 896,806 940,809 985,806 1030,806 1075,809 1120,809 1164,809 1209,806 1254,806 1299,806 1344,803 1388,803 1433,803 1478,800 1523,800 1568,797 1612,797 1657,794 1702,794 1747,791 1792,788 1836,788 1881,785 1926,782 1971,779 2016,779 2060,776 2105,773 2150,773 2195,770 2240,767 2284,764 2329,761 2374,761 2419,755 2464,755 2508,752 2553,746 2598,746 2643,743 2688,740 2732,737 2777,734"/>
                <Word id="tr_5_tl_7_w1" custom="readingOrder {index:0;}">
                    <Coords points="236,734 236,794 351,794 351,734"/>
                    <TextEquiv>
                        <Unicode>mie</Unicode>
                    </TextEquiv>
                </Word>
                <Word id="tr_5_tl_7_w2" custom="readingOrder {index:1;}">
                    <Coords points="394,753 394,813 567,813 567,753"/>
                    <TextEquiv>
                        <Unicode>pall</Unicode>
                    </TextEquiv>
                </Word>
                <Word id="tr_5_tl_7_w3" custom="readingOrder {index:2;}">
                    <Coords points="611,765 611,825 884,825 884,765"/>
                    <TextEquiv>
                        <Unicode>bearers</Unicode>
                    </TextEquiv>
                </Word>
                <Word id="tr_5_tl_7_w4" custom="readingOrder {index:3;}">
                    <Coords points="944,766 944,826 1087,826 1087,766"/>
                    <TextEquiv>
                        <Unicode>were</Unicode>
                    </TextEquiv>
                </Word>
                <Word id="tr_5_tl_7_w5" custom="readingOrder {index:4;}">
                    <Coords points="1145,766 1145,826 1245,826 1245,766"/>
                    <TextEquiv>
                        <Unicode>old</Unicode>
                    </TextEquiv>
                </Word>
                <Word id="tr_5_tl_7_w6" custom="readingOrder {index:5;}">
                    <Coords points="1303,761 1303,821 1620,821 1620,761"/>
                    <TextEquiv>
                        <Unicode>soldiers</Unicode>
                    </TextEquiv>
                </Word>
                <Word id="tr_5_tl_7_w7" custom="readingOrder {index:6;}">
                    <Coords points="1680,754 1680,814 1694,814 1694,754"/>
                    <TextEquiv>
                        <Unicode>å</Unicode>
                    </TextEquiv>
                </Word>
                <Word id="tr_5_tl_7_w8" custom="readingOrder {index:7;}">
                    <Coords points="1751,746 1751,806 1981,806 1981,746"/>
                    <TextEquiv>
                        <Unicode>before</Unicode>
                    </TextEquiv>
                </Word>
                <Word id="tr_5_tl_7_w9" custom="readingOrder {index:8;}">
                    <Coords points="2039,730 2039,790 2328,790 2328,730"/>
                    <TextEquiv>
                        <Unicode>closing</Unicode>
                    </TextEquiv>
                </Word>
                <Word id="tr_5_tl_7_w10" custom="readingOrder {index:9;}">
                    <Coords points="2385,715 2385,775 2502,775 2502,715"/>
                    <TextEquiv>
                        <Unicode>the</Unicode>
                    </TextEquiv>
                </Word>
                <Word id="tr_5_tl_7_w11" custom="readingOrder {index:10;}">
                    <Coords points="2545,702 2545,762 2760,762 2760,702"/>
                    <TextEquiv>
                        <Unicode>grave</Unicode>
                    </TextEquiv>
                </Word>
                <TextEquiv>
                    <Unicode>mie pall bearers were old soldiers å before closing the grave</Unicode>
                </TextEquiv>
            </TextLine>
            <TextEquiv>
                <Unicode></Unicode>
            </TextEquiv>
        </TextRegion>
        <TextRegion id="tr_2" custom="readingOrder {index:2;}">
            <Coords points="235,762 2914,762 2914,1551 235,1551"/>
            <TextLine id="tr_2_tl_1" custom="readingOrder {index:0;}">
                <Coords points="224,857 1543,900 2794,763 224,790"/>
                <Baseline points="244,842 289,845 334,848 379,851 424,854 468,860 513,863 558,866 603,869 648,869 692,872 737,875 782,875 827,875 872,875 916,875 961,875 1006,878 1051,878 1096,878 1140,875 1185,875 1230,875 1275,872 1320,872 1364,872 1409,872 1454,872 1499,872 1544,869 1588,866 1633,863 1678,863 1723,860 1768,863 1812,857 1857,857 1902,854 1947,851 1992,848 2036,845 2081,845 2126,842 2171,842 2216,839 2260,836 2305,833 2350,830 2395,827 2440,827 2484,821 2529,821 2574,821 2619,818 2664,815 2708,812 2753,812 2798,815"/>
                <Word id="tr_2_tl_1_w1" custom="readingOrder {index:0;}">
                    <Coords points="241,806 241,866 380,866 380,806"/>
                    <TextEquiv>
                        <Unicode>mey</Unicode>
                    </TextEquiv>
                </Word>
                <Word id="tr_2_tl_1_w2" custom="readingOrder {index:1;}">
                    <Coords points="436,822 436,882 563,882 563,822"/>
                    <TextEquiv>
                        <Unicode>all</Unicode>
                    </TextEquiv>
                </Word>
                <Word id="tr_2_tl_1_w3" custom="readingOrder {index:2;}">
                    <Coords points="605,830 605,890 732,890 732,830"/>
                    <TextEquiv>
                        <Unicode>put</Unicode>
                    </TextEquiv>
                </Word>
                <Word id="tr_2_tl_1_w4" custom="readingOrder {index:3;}">
                    <Coords points="773,835 773,895 801,895 801,835"/>
                    <TextEquiv>
                        <Unicode>a</Unicode>
                    </TextEquiv>
                </Word>
                <Word id="tr_2_tl_1_w5" custom="readingOrder {index:4;}">
                    <Coords points="857,836 857,896 1095,896 1095,836"/>
                    <TextEquiv>
                        <Unicode>flower</Unicode>
                    </TextEquiv>
                </Word>
                <Word id="tr_2_tl_1_w6" custom="readingOrder {index:5;}">
                    <Coords points="1150,835 1150,895 1206,895 1206,835"/>
                    <TextEquiv>
                        <Unicode>in</Unicode>
                    </TextEquiv>
                </Word>
                <Word id="tr_2_tl_1_w7" custom="readingOrder {index:6;}">
                    <Coords points="1263,832 1263,892 1375,892 1375,832"/>
                    <TextEquiv>
                        <Unicode>the</Unicode>
                    </TextEquiv>
                </Word>
                <Word id="tr_2_tl_1_w8" custom="readingOrder {index:7;}">
                    <Coords points="1430,828 1430,888 1668,888 1668,828"/>
                    <TextEquiv>
                        <Unicode>grave.</Unicode>
                    </TextEquiv>
                </Word>
                <Word id="tr_2_tl_1_w9" custom="readingOrder {index:8;}">
                    <Coords points="1752,817 1752,877 1879,877 1879,817"/>
                    <TextEquiv>
                        <Unicode>Nr.</Unicode>
                    </TextEquiv>
                </Word>
                <Word id="tr_2_tl_1_w10" custom="readingOrder {index:9;}">
                    <Coords points="1920,802 1920,862 2341,862 2341,802"/>
                    <TextEquiv>
                        <Unicode>Mccutchan,</Unicode>
                    </TextEquiv>
                </Word>
                <Word id="tr_2_tl_1_w11" custom="readingOrder {index:10;}">
                    <Coords points="2383,787 2383,847 2452,847 2452,787"/>
                    <TextEquiv>
                        <Unicode>De</Unicode>
                    </TextEquiv>
                </Word>
                <Word id="tr_2_tl_1_w12" custom="readingOrder {index:11;}">
                    <Coords points="2508,777 2508,837 2760,837 2760,777"/>
                    <TextEquiv>
                        <Unicode>Miller</Unicode>
                    </TextEquiv>
                </Word>
                <TextEquiv>
                    <Unicode>mey all put a flower in the grave. Nr. Mccutchan, De Miller</Unicode>
                </TextEquiv>
            </TextLine>
            <TextLine id="tr_2_tl_2" custom="readingOrder {index:1;}">
                <Coords points="221,940 2801,917 2777,827 224,857"/>
                <Baseline points="241,907 256,910 301,916 346,916 391,922 436,925 480,928 525,928 570,931 615,934 660,934 704,937 749,940 794,940 839,940 884,940 928,943 973,940 1018,946 1063,946 1108,940 1152,943 1197,940 1242,940 1287,940 1332,940 1376,940 1421,937 1466,934 1511,934 1556,937 1600,931 1645,928 1690,928 1735,925 1780,925 1824,922 1869,919 1914,919 1959,916 2004,913 2048,913 2093,910 2138,907 2183,904 2228,904 2272,901 2317,901 2362,896 2407,896 2452,893 2496,890 2541,887 2586,887 2631,884 2676,881 2720,881 2765,881 2810,884"/>
                <Word id="tr_2_tl_2_w1" custom="readingOrder {index:0;}">
                    <Coords points="238,876 238,936 468,936 468,876"/>
                    <TextEquiv>
                        <Unicode>seusin</Unicode>
                    </TextEquiv>
                </Word>
                <Word id="tr_2_tl_2_w2" custom="readingOrder {index:1;}">
                    <Coords points="523,894 523,954 713,954 713,894"/>
                    <TextEquiv>
                        <Unicode>Wiley</Unicode>
                    </TextEquiv>
                </Word>
                <Word id="tr_2_tl_2_w3" custom="readingOrder {index:2;}">
                    <Coords points="781,900 781,960 1012,960 1012,900"/>
                    <TextEquiv>
                        <Unicode>Young,</Unicode>
                    </TextEquiv>
                </Word>
                <Word id="tr_2_tl_2_w4" custom="readingOrder {index:3;}">
                    <Coords points="1053,900 1053,960 1176,960 1176,900"/>
                    <TextEquiv>
                        <Unicode>old</Unicode>
                    </TextEquiv>
                </Word>
                <Word id="tr_2_tl_2_w5" custom="readingOrder {index:4;}">
                    <Coords points="1217,900 1217,960 1339,960 1339,900"/>
                    <TextEquiv>
                        <Unicode>Mr.</Unicode>
                    </TextEquiv>
                </Word>
                <Word id="tr_2_tl_2_w6" custom="readingOrder {index:5;}">
                    <Coords points="1381,894 1381,954 1543,954 1543,894"/>
                    <TextEquiv>
                        <Unicode>Cox,</Unicode>
                    </TextEquiv>
                </Word>
                <Word id="tr_2_tl_2_w7" custom="readingOrder {index:6;}">
                    <Coords points="1584,888 1584,948 1708,948 1708,888"/>
                    <TextEquiv>
                        <Unicode>Mr.</Unicode>
                    </TextEquiv>
                </Word>
                <Word id="tr_2_tl_2_w8" custom="readingOrder {index:7;}">
                    <Coords points="1748,882 1748,942 1897,942 1897,882"/>
                    <TextEquiv>
                        <Unicode>Buck</Unicode>
                    </TextEquiv>
                </Word>
                <Word id="tr_2_tl_2_w9" custom="readingOrder {index:8;}">
                    <Coords points="1966,870 1966,930 2196,930 2196,870"/>
                    <TextEquiv>
                        <Unicode>Phipps</Unicode>
                    </TextEquiv>
                </Word>
                <Word id="tr_2_tl_2_w10" custom="readingOrder {index:9;}">
                    <Coords points="2252,859 2252,919 2415,919 2415,859"/>
                    <TextEquiv>
                        <Unicode>were</Unicode>
                    </TextEquiv>
                </Word>
                <Word id="tr_2_tl_2_w11" custom="readingOrder {index:10;}">
                    <Coords points="2469,848 2469,908 2579,908 2579,848"/>
                    <TextEquiv>
                        <Unicode>the</Unicode>
                    </TextEquiv>
                </Word>
                <Word id="tr_2_tl_2_w12" custom="readingOrder {index:11;}">
                    <Coords points="2633,841 2633,901 2811,901 2811,841"/>
                    <TextEquiv>
                        <Unicode>only</Unicode>
                    </TextEquiv>
                </Word>
                <TextEquiv>
                    <Unicode>seusin Wiley Young, old Mr. Cox, Mr. Buck Phipps were the only</Unicode>
                </TextEquiv>
            </TextLine>
            <TextLine id="tr_2_tl_3" custom="readingOrder {index:2;}">
                <Coords points="221,980 1338,1041 2734,964 2734,897 221,944"/>
                <Baseline points="238,973 277,979 322,982 367,988 412,991 456,991 501,994 546,997 591,1000 636,1000 680,1003 725,1006 770,1006 815,1006 860,1009 904,1006 949,1006 994,1006 1039,1006 1084,1006 1128,1006 1173,1006 1218,1006 1263,1006 1308,1006 1352,1003 1397,1003 1442,1000 1487,1000 1532,1000 1576,1000 1621,997 1666,994 1711,994 1756,991 1800,988 1845,988 1890,985 1935,985 1980,982 2024,979 2069,979 2114,979 2159,976 2204,973 2248,970 2293,967 2338,967 2383,967 2428,964 2472,961 2517,961 2562,958 2607,955 2652,952 2696,952 2741,946"/>
                <Word id="tr_2_tl_3_w1" custom="readingOrder {index:0;}">
                    <Coords points="235,941 235,1001 379,1001 379,941"/>
                    <TextEquiv>
                        <Unicode>es</Unicode>
                    </TextEquiv>
                </Word>
                <Word id="tr_2_tl_3_w2" custom="readingOrder {index:1;}">
                    <Coords points="439,951 439,1011 465,1011 465,951"/>
                    <TextEquiv>
                        <Unicode>i</Unicode>
                    </TextEquiv>
                </Word>
                <Word id="tr_2_tl_3_w3" custom="readingOrder {index:2;}">
                    <Coords points="525,960 525,1020 732,1020 732,960"/>
                    <TextEquiv>
                        <Unicode>knew.</Unicode>
                    </TextEquiv>
                </Word>
                <Word id="tr_2_tl_3_w4" custom="readingOrder {index:3;}">
                    <Coords points="816,967 816,1027 960,1027 960,967"/>
                    <TextEquiv>
                        <Unicode>They</Unicode>
                    </TextEquiv>
                </Word>
                <Word id="tr_2_tl_3_w5" custom="readingOrder {index:4;}">
                    <Coords points="1022,966 1022,1026 1167,1026 1167,966"/>
                    <TextEquiv>
                        <Unicode>were</Unicode>
                    </TextEquiv>
                </Word>
                <Word id="tr_2_tl_3_w6" custom="readingOrder {index:5;}">
                    <Coords points="1229,966 1229,1026 1337,1026 1337,966"/>
                    <TextEquiv>
                        <Unicode>all</Unicode>
                    </TextEquiv>
                </Word>
                <Word id="tr_2_tl_3_w7" custom="readingOrder {index:6;}">
                    <Coords points="1385,961 1385,1021 1457,1021 1457,961"/>
                    <TextEquiv>
                        <Unicode>so</Unicode>
                    </TextEquiv>
                </Word>
                <Word id="tr_2_tl_3_w8" custom="readingOrder {index:7;}">
                    <Coords points="1507,960 1507,1020 1616,1020 1616,960"/>
                    <TextEquiv>
                        <Unicode>old</Unicode>
                    </TextEquiv>
                </Word>
                <Word id="tr_2_tl_3_w9" custom="readingOrder {index:8;}">
                    <Coords points="1676,954 1676,1014 1700,1014 1700,954"/>
                    <TextEquiv>
                        <Unicode>å</Unicode>
                    </TextEquiv>
                </Word>
                <Word id="tr_2_tl_3_w10" custom="readingOrder {index:9;}">
                    <Coords points="1750,946 1750,1006 1992,1006 1992,946"/>
                    <TextEquiv>
                        <Unicode>feeble</Unicode>
                    </TextEquiv>
                </Word>
                <Word id="tr_2_tl_3_w11" custom="readingOrder {index:10;}">
                    <Coords points="2052,938 2052,998 2197,998 2197,938"/>
                    <TextEquiv>
                        <Unicode>some</Unicode>
                    </TextEquiv>
                </Word>
                <Word id="tr_2_tl_3_w12" custom="readingOrder {index:11;}">
                    <Coords points="2259,925 2259,985 2549,985 2549,925"/>
                    <TextEquiv>
                        <Unicode>younger</Unicode>
                    </TextEquiv>
                </Word>
                <Word id="tr_2_tl_3_w13" custom="readingOrder {index:12;}">
                    <Coords points="2597,912 2597,972 2718,972 2718,912"/>
                    <TextEquiv>
                        <Unicode>men</Unicode>
                    </TextEquiv>
                </Word>
                <TextEquiv>
                    <Unicode>es i knew. They were all so old å feeble some younger men</Unicode>
                </TextEquiv>
            </TextLine>
            <TextLine id="tr_2_tl_4" custom="readingOrder {index:3;}">
                <Coords points="214,1071 2694,1044 2694,964 1352,1044 218,987"/>
                <Baseline points="235,1045 238,1048 283,1051 328,1054 373,1057 418,1057 462,1063 507,1063 552,1066 597,1069 642,1072 686,1072 731,1072 776,1072 821,1075 866,1075 910,1075 955,1075 1000,1075 1045,1075 1090,1075 1134,1075 1179,1075 1224,1072 1269,1072 1314,1075 1358,1072 1403,1069 1448,1069 1493,1069 1538,1066 1582,1066 1627,1063 1672,1063 1717,1060 1762,1060 1806,1057 1851,1054 1896,1054 1941,1051 1986,1051 2030,1051 2075,1048 2120,1045 2165,1042 2210,1039 2254,1039 2299,1036 2344,1036 2389,1033 2434,1030 2478,1030 2523,1027 2568,1027 2613,1024 2658,1021 2702,1018"/>
                <Word id="tr_2_tl_4_w1" custom="readingOrder {index:0;}">
                    <Coords points="227,1010 227,1070 331,1070 331,1010"/>
                    <TextEquiv>
                        <Unicode>nad</Unicode>
                    </TextEquiv>
                </Word>
                <Word id="tr_2_tl_4_w2" custom="readingOrder {index:1;}">
                    <Coords points="400,1018 400,1078 459,1078 459,1018"/>
                    <TextEquiv>
                        <Unicode>to</Unicode>
                    </TextEquiv>
                </Word>
                <Word id="tr_2_tl_4_w3" custom="readingOrder {index:2;}">
                    <Coords points="529,1029 529,1089 679,1089 679,1029"/>
                    <TextEquiv>
                        <Unicode>take</Unicode>
                    </TextEquiv>
                </Word>
                <Word id="tr_2_tl_4_w4" custom="readingOrder {index:3;}">
                    <Coords points="738,1032 738,1092 808,1092 808,1032"/>
                    <TextEquiv>
                        <Unicode>it</Unicode>
                    </TextEquiv>
                </Word>
                <Word id="tr_2_tl_4_w5" custom="readingOrder {index:4;}">
                    <Coords points="854,1035 854,1095 1086,1095 1086,1035"/>
                    <TextEquiv>
                        <Unicode>before</Unicode>
                    </TextEquiv>
                </Word>
                <Word id="tr_2_tl_4_w6" custom="readingOrder {index:5;}">
                    <Coords points="1144,1032 1144,1092 1296,1092 1296,1032"/>
                    <TextEquiv>
                        <Unicode>they</Unicode>
                    </TextEquiv>
                </Word>
                <Word id="tr_2_tl_4_w7" custom="readingOrder {index:6;}">
                    <Coords points="1342,1029 1342,1089 1459,1089 1459,1029"/>
                    <TextEquiv>
                        <Unicode>got</Unicode>
                    </TextEquiv>
                </Word>
                <Word id="tr_2_tl_4_w8" custom="readingOrder {index:7;}">
                    <Coords points="1506,1026 1506,1086 1575,1086 1575,1026"/>
                    <TextEquiv>
                        <Unicode>to</Unicode>
                    </TextEquiv>
                </Word>
                <Word id="tr_2_tl_4_w9" custom="readingOrder {index:8;}">
                    <Coords points="1633,1022 1633,1082 1738,1082 1738,1022"/>
                    <TextEquiv>
                        <Unicode>the</Unicode>
                    </TextEquiv>
                </Word>
                <Word id="tr_2_tl_4_w10" custom="readingOrder {index:9;}">
                    <Coords points="1796,1012 1796,1072 2040,1072 2040,1012"/>
                    <TextEquiv>
                        <Unicode>grave.</Unicode>
                    </TextEquiv>
                </Word>
                <Word id="tr_2_tl_4_w11" custom="readingOrder {index:10;}">
                    <Coords points="2121,1002 2121,1062 2204,1062 2204,1002"/>
                    <TextEquiv>
                        <Unicode>He</Unicode>
                    </TextEquiv>
                </Word>
                <Word id="tr_2_tl_4_w12" custom="readingOrder {index:11;}">
                    <Coords points="2261,996 2261,1056 2377,1056 2377,996"/>
                    <TextEquiv>
                        <Unicode>was</Unicode>
                    </TextEquiv>
                </Word>
                <Word id="tr_2_tl_4_w13" custom="readingOrder {index:12;}">
                    <Coords points="2435,987 2435,1047 2679,1047 2679,987"/>
                    <TextEquiv>
                        <Unicode>buried</Unicode>
                    </TextEquiv>
                </Word>
                <TextEquiv>
                    <Unicode>nad to take it before they got to the grave. He was buried</Unicode>
                </TextEquiv>
            </TextLine>
            <TextLine id="tr_2_tl_5" custom="readingOrder {index:4;}">
                <Coords points="218,1131 2697,1111 2697,1037 2550,1034 218,1071"/>
                <Baseline points="235,1114 241,1114 286,1117 331,1120 376,1120 421,1120 465,1125 510,1128 555,1131 600,1131 645,1134 689,1137 734,1137 779,1137 824,1137 869,1137 913,1140 958,1140 1003,1140 1048,1140 1093,1140 1137,1140 1182,1137 1227,1137 1272,1137 1317,1137 1361,1137 1406,1134 1451,1134 1496,1131 1541,1131 1585,1131 1630,1128 1675,1128 1720,1125 1765,1125 1809,1125 1854,1122 1899,1122 1944,1120 1989,1117 2033,1114 2078,1114 2123,1111 2168,1108 2213,1108 2257,1108 2302,1105 2347,1102 2392,1102 2437,1102 2481,1099 2526,1096 2571,1096 2616,1093 2661,1090 2705,1090"/>
                <Word id="tr_2_tl_5_w1" custom="readingOrder {index:0;}">
                    <Coords points="228,1074 228,1134 279,1134 279,1074"/>
                    <TextEquiv>
                        <Unicode>i</Unicode>
                    </TextEquiv>
                </Word>
                <Word id="tr_2_tl_5_w2" custom="readingOrder {index:1;}">
                    <Coords points="340,1080 340,1140 371,1140 371,1080"/>
                    <TextEquiv>
                        <Unicode>a</Unicode>
                    </TextEquiv>
                </Word>
                <Word id="tr_2_tl_5_w3" custom="readingOrder {index:2;}">
                    <Coords points="434,1088 434,1148 587,1148 587,1088"/>
                    <TextEquiv>
                        <Unicode>very</Unicode>
                    </TextEquiv>
                </Word>
                <Word id="tr_2_tl_5_w4" custom="readingOrder {index:3;}">
                    <Coords points="639,1097 639,1157 957,1157 957,1097"/>
                    <TextEquiv>
                        <Unicode>handsome</Unicode>
                    </TextEquiv>
                </Word>
                <Word id="tr_2_tl_5_w5" custom="readingOrder {index:4;}">
                    <Coords points="1020,1100 1020,1160 1246,1160 1246,1100"/>
                    <TextEquiv>
                        <Unicode>casket</Unicode>
                    </TextEquiv>
                </Word>
                <Word id="tr_2_tl_5_w6" custom="readingOrder {index:5;}">
                    <Coords points="1307,1097 1307,1157 1338,1157 1338,1097"/>
                    <TextEquiv>
                        <Unicode>&amp;</Unicode>
                    </TextEquiv>
                </Word>
                <Word id="tr_2_tl_5_w7" custom="readingOrder {index:6;}">
                    <Coords points="1390,1093 1390,1153 1533,1153 1533,1093"/>
                    <TextEquiv>
                        <Unicode>they</Unicode>
                    </TextEquiv>
                </Word>
                <Word id="tr_2_tl_5_w8" custom="readingOrder {index:7;}">
                    <Coords points="1596,1088 1596,1148 1698,1148 1698,1088"/>
                    <TextEquiv>
                        <Unicode>had</Unicode>
                    </TextEquiv>
                </Word>
                <Word id="tr_2_tl_5_w9" custom="readingOrder {index:8;}">
                    <Coords points="1760,1084 1760,1144 1873,1144 1873,1084"/>
                    <TextEquiv>
                        <Unicode>hot</Unicode>
                    </TextEquiv>
                </Word>
                <Word id="tr_2_tl_5_w10" custom="readingOrder {index:9;}">
                    <Coords points="1924,1074 1924,1134 2119,1134 2119,1074"/>
                    <TextEquiv>
                        <Unicode>house</Unicode>
                    </TextEquiv>
                </Word>
                <Word id="tr_2_tl_5_w11" custom="readingOrder {index:10;}">
                    <Coords points="2182,1063 2182,1123 2469,1123 2469,1063"/>
                    <TextEquiv>
                        <Unicode>flowers</Unicode>
                    </TextEquiv>
                </Word>
                <Word id="tr_2_tl_5_w12" custom="readingOrder {index:11;}">
                    <Coords points="2521,1054 2521,1114 2675,1114 2675,1054"/>
                    <TextEquiv>
                        <Unicode>from</Unicode>
                    </TextEquiv>
                </Word>
                <TextEquiv>
                    <Unicode>i a very handsome casket &amp; they had hot house flowers from</Unicode>
                </TextEquiv>
            </TextLine>
            <TextLine id="tr_2_tl_6" custom="readingOrder {index:5;}">
                <Coords points="221,1188 2905,1171 2881,1088 221,1128"/>
                <Baseline points="238,1182 271,1185 316,1188 361,1191 406,1194 450,1194 495,1194 540,1197 585,1200 630,1203 674,1203 719,1203 764,1206 809,1206 854,1209 898,1209 943,1209 988,1209 1033,1206 1078,1206 1122,1206 1167,1206 1212,1206 1257,1203 1302,1203 1346,1200 1391,1203 1436,1200 1481,1197 1526,1197 1570,1197 1615,1197 1660,1194 1705,1194 1750,1194 1794,1191 1839,1191 1884,1188 1929,1188 1974,1185 2018,1185 2063,1182 2108,1179 2153,1179 2198,1176 2242,1173 2287,1170 2332,1173 2377,1170 2422,1167 2466,1167 2511,1164 2556,1164 2601,1161 2646,1161 2690,1161 2735,1158 2780,1155 2825,1152 2870,1152 2914,1149"/>
                <Word id="tr_2_tl_6_w1" custom="readingOrder {index:0;}">
                    <Coords points="233,1154 233,1214 602,1214 602,1154"/>
                    <TextEquiv>
                        <Unicode>moxville</Unicode>
                    </TextEquiv>
                </Word>
                <Word id="tr_2_tl_6_w2" custom="readingOrder {index:1;}">
                    <Coords points="658,1163 658,1223 726,1223 726,1163"/>
                    <TextEquiv>
                        <Unicode>on</Unicode>
                    </TextEquiv>
                </Word>
                <Word id="tr_2_tl_6_w3" custom="readingOrder {index:2;}">
                    <Coords points="782,1169 782,1229 1096,1229 1096,1169"/>
                    <TextEquiv>
                        <Unicode>sallie's</Unicode>
                    </TextEquiv>
                </Word>
                <Word id="tr_2_tl_6_w4" custom="readingOrder {index:3;}">
                    <Coords points="1153,1164 1153,1224 1331,1224 1331,1164"/>
                    <TextEquiv>
                        <Unicode>fixed</Unicode>
                    </TextEquiv>
                </Word>
                <Word id="tr_2_tl_6_w5" custom="readingOrder {index:4;}">
                    <Coords points="1388,1160 1388,1220 1455,1220 1455,1160"/>
                    <TextEquiv>
                        <Unicode>by</Unicode>
                    </TextEquiv>
                </Word>
                <Word id="tr_2_tl_6_w6" custom="readingOrder {index:5;}">
                    <Coords points="1511,1157 1511,1217 1544,1217 1544,1157"/>
                    <TextEquiv>
                        <Unicode>a</Unicode>
                    </TextEquiv>
                </Word>
                <Word id="tr_2_tl_6_w7" custom="readingOrder {index:6;}">
                    <Coords points="1590,1153 1590,1213 1915,1213 1915,1153"/>
                    <TextEquiv>
                        <Unicode>florist.</Unicode>
                    </TextEquiv>
                </Word>
                <Word id="tr_2_tl_6_w8" custom="readingOrder {index:7;}">
                    <Coords points="2004,1142 2004,1202 2117,1202 2117,1142"/>
                    <TextEquiv>
                        <Unicode>One</Unicode>
                    </TextEquiv>
                </Word>
                <Word id="tr_2_tl_6_w9" custom="readingOrder {index:8;}">
                    <Coords points="2173,1132 2173,1192 2330,1192 2330,1132"/>
                    <TextEquiv>
                        <Unicode>very</Unicode>
                    </TextEquiv>
                </Word>
                <Word id="tr_2_tl_6_w10" custom="readingOrder {index:9;}">
                    <Coords points="2397,1125 2397,1185 2588,1185 2588,1125"/>
                    <TextEquiv>
                        <Unicode>large</Unicode>
                    </TextEquiv>
                </Word>
                <Word id="tr_2_tl_6_w11" custom="readingOrder {index:10;}">
                    <Coords points="2655,1115 2655,1175 2891,1175 2891,1115"/>
                    <TextEquiv>
                        <Unicode>wreath</Unicode>
                    </TextEquiv>
                </Word>
                <TextEquiv>
                    <Unicode>moxville on sallie's fixed by a florist. One very large wreath</Unicode>
                </TextEquiv>
            </TextLine>
            <TextLine id="tr_2_tl_7" custom="readingOrder {index:6;}">
                <Coords points="221,1278 2546,1241 2366,1175 1047,1251 224,1198"/>
                <Baseline points="241,1245 271,1251 316,1254 361,1257 406,1260 450,1263 495,1266 540,1266 585,1266 630,1269 674,1269 719,1272 764,1269 809,1272 854,1272 898,1275 943,1275 988,1275 1033,1275 1078,1275 1122,1272 1167,1272 1212,1272 1257,1272 1302,1269 1346,1269 1391,1269 1436,1266 1481,1266 1526,1266 1570,1263 1615,1263 1660,1263 1705,1260 1750,1260 1794,1260 1839,1257 1884,1257 1929,1254 1974,1254 2018,1251 2063,1251 2108,1251 2153,1248 2198,1245 2242,1242 2287,1242 2332,1239 2377,1239 2422,1239 2466,1236 2511,1236 2556,1239"/>
                <Word id="tr_2_tl_7_w1" custom="readingOrder {index:0;}">
                    <Coords points="231,1213 231,1273 381,1273 381,1213"/>
                    <TextEquiv>
                        <Unicode>vich</Unicode>
                    </TextEquiv>
                </Word>
                <Word id="tr_2_tl_7_w2" custom="readingOrder {index:1;}">
                    <Coords points="442,1226 442,1286 686,1286 686,1226"/>
                    <TextEquiv>
                        <Unicode>Father</Unicode>
                    </TextEquiv>
                </Word>
                <Word id="tr_2_tl_7_w3" custom="readingOrder {index:2;}">
                    <Coords points="736,1229 736,1289 806,1289 806,1229"/>
                    <TextEquiv>
                        <Unicode>on</Unicode>
                    </TextEquiv>
                </Word>
                <Word id="tr_2_tl_7_w4" custom="readingOrder {index:3;}">
                    <Coords points="856,1235 856,1295 978,1295 978,1235"/>
                    <TextEquiv>
                        <Unicode>it.</Unicode>
                    </TextEquiv>
                </Word>
                <Word id="tr_2_tl_7_w5" custom="readingOrder {index:4;}">
                    <Coords points="1059,1234 1059,1294 1099,1294 1099,1234"/>
                    <TextEquiv>
                        <Unicode>I</Unicode>
                    </TextEquiv>
                </Word>
                <Word id="tr_2_tl_7_w6" custom="readingOrder {index:5;}">
                    <Coords points="1151,1230 1151,1290 1413,1290 1413,1230"/>
                    <TextEquiv>
                        <Unicode>suppose</Unicode>
                    </TextEquiv>
                </Word>
                <Word id="tr_2_tl_7_w7" custom="readingOrder {index:6;}">
                    <Coords points="1473,1225 1473,1285 1584,1285 1584,1225"/>
                    <TextEquiv>
                        <Unicode>the</Unicode>
                    </TextEquiv>
                </Word>
                <Word id="tr_2_tl_7_w8" custom="readingOrder {index:7;}">
                    <Coords points="1636,1220 1636,1280 1949,1280 1949,1220"/>
                    <TextEquiv>
                        <Unicode>children</Unicode>
                    </TextEquiv>
                </Word>
                <Word id="tr_2_tl_7_w9" custom="readingOrder {index:8;}">
                    <Coords points="2009,1211 2009,1271 2131,1271 2131,1211"/>
                    <TextEquiv>
                        <Unicode>all</Unicode>
                    </TextEquiv>
                </Word>
                <Word id="tr_2_tl_7_w10" custom="readingOrder {index:9;}">
                    <Coords points="2181,1202 2181,1262 2292,1262 2292,1202"/>
                    <TextEquiv>
                        <Unicode>got</Unicode>
                    </TextEquiv>
                </Word>
                <Word id="tr_2_tl_7_w11" custom="readingOrder {index:10;}">
                    <Coords points="2353,1196 2353,1256 2556,1256 2556,1196"/>
                    <TextEquiv>
                        <Unicode>that.</Unicode>
                    </TextEquiv>
                </Word>
                <TextEquiv>
                    <Unicode>vich Father on it. I suppose the children all got that.</Unicode>
                </TextEquiv>
            </TextLine>
            <TextLine id="tr_2_tl_8" custom="readingOrder {index:7;}">
                <Coords points="228,1332 2690,1312 2587,1228 228,1272"/>
                <Baseline points="247,1320 280,1323 325,1326 370,1329 415,1329 459,1332 504,1335 549,1335 594,1335 639,1335 683,1338 728,1338 773,1338 818,1341 863,1341 907,1341 952,1341 997,1341 1042,1341 1087,1338 1131,1338 1176,1338 1221,1338 1266,1338 1311,1338 1355,1335 1400,1335 1445,1335 1490,1332 1535,1332 1579,1332 1624,1329 1669,1329 1714,1326 1759,1326 1803,1326 1848,1323 1893,1323 1938,1323 1983,1320 2027,1317 2072,1317 2117,1314 2162,1314 2207,1311 2251,1311 2296,1308 2341,1308 2386,1308 2431,1305 2475,1305 2520,1302 2565,1299 2610,1302 2655,1296 2699,1296"/>
                <Word id="tr_2_tl_8_w1" custom="readingOrder {index:0;}">
                    <Coords points="236,1283 236,1343 346,1343 346,1283"/>
                    <TextEquiv>
                        <Unicode>sot</Unicode>
                    </TextEquiv>
                </Word>
                <Word id="tr_2_tl_8_w2" custom="readingOrder {index:1;}">
                    <Coords points="401,1293 401,1353 558,1353 558,1293"/>
                    <TextEquiv>
                        <Unicode>sick</Unicode>
                    </TextEquiv>
                </Word>
                <Word id="tr_2_tl_8_w3" custom="readingOrder {index:2;}">
                    <Coords points="612,1295 612,1355 686,1355 686,1295"/>
                    <TextEquiv>
                        <Unicode>at</Unicode>
                    </TextEquiv>
                </Word>
                <Word id="tr_2_tl_8_w4" custom="readingOrder {index:3;}">
                    <Coords points="741,1299 741,1359 852,1359 852,1299"/>
                    <TextEquiv>
                        <Unicode>the</Unicode>
                    </TextEquiv>
                </Word>
                <Word id="tr_2_tl_8_w5" custom="readingOrder {index:4;}">
                    <Coords points="907,1301 907,1361 1090,1361 1090,1301"/>
                    <TextEquiv>
                        <Unicode>grave</Unicode>
                    </TextEquiv>
                </Word>
                <Word id="tr_2_tl_8_w6" custom="readingOrder {index:5;}">
                    <Coords points="1155,1298 1155,1358 1173,1358 1173,1298"/>
                    <TextEquiv>
                        <Unicode>&amp;</Unicode>
                    </TextEquiv>
                </Word>
                <Word id="tr_2_tl_8_w7" custom="readingOrder {index:6;}">
                    <Coords points="1228,1298 1228,1358 1338,1358 1338,1298"/>
                    <TextEquiv>
                        <Unicode>had</Unicode>
                    </TextEquiv>
                </Word>
                <Word id="tr_2_tl_8_w8" custom="readingOrder {index:7;}">
                    <Coords points="1393,1295 1393,1355 1459,1355 1459,1295"/>
                    <TextEquiv>
                        <Unicode>to</Unicode>
                    </TextEquiv>
                </Word>
                <Word id="tr_2_tl_8_w9" custom="readingOrder {index:8;}">
                    <Coords points="1513,1289 1513,1349 1706,1349 1706,1289"/>
                    <TextEquiv>
                        <Unicode>leave</Unicode>
                    </TextEquiv>
                </Word>
                <Word id="tr_2_tl_8_w10" custom="readingOrder {index:9;}">
                    <Coords points="1761,1286 1761,1346 1789,1346 1789,1286"/>
                    <TextEquiv>
                        <Unicode>&amp;</Unicode>
                    </TextEquiv>
                </Word>
                <Word id="tr_2_tl_8_w11" custom="readingOrder {index:10;}">
                    <Coords points="1844,1283 1844,1343 1954,1343 1954,1283"/>
                    <TextEquiv>
                        <Unicode>did</Unicode>
                    </TextEquiv>
                </Word>
                <Word id="tr_2_tl_8_w12" custom="readingOrder {index:11;}">
                    <Coords points="2009,1277 2009,1337 2120,1337 2120,1277"/>
                    <TextEquiv>
                        <Unicode>not</Unicode>
                    </TextEquiv>
                </Word>
                <Word id="tr_2_tl_8_w13" custom="readingOrder {index:12;}">
                    <Coords points="2175,1271 2175,1331 2285,1331 2285,1271"/>
                    <TextEquiv>
                        <Unicode>see</Unicode>
                    </TextEquiv>
                </Word>
                <Word id="tr_2_tl_8_w14" custom="readingOrder {index:13;}">
                    <Coords points="2349,1268 2349,1328 2414,1328 2414,1268"/>
                    <TextEquiv>
                        <Unicode>it</Unicode>
                    </TextEquiv>
                </Word>
                <Word id="tr_2_tl_8_w15" custom="readingOrder {index:14;}">
                    <Coords points="2479,1259 2479,1319 2680,1319 2680,1259"/>
                    <TextEquiv>
                        <Unicode>after</Unicode>
                    </TextEquiv>
                </Word>
                <TextEquiv>
                    <Unicode>sot sick at the grave &amp; had to leave &amp; did not see it after</Unicode>
                </TextEquiv>
            </TextLine>
            <TextLine id="tr_2_tl_9" custom="readingOrder {index:8;}">
                <Coords points="231,1419 2717,1395 2741,1318 234,1338"/>
                <Baseline points="250,1385 286,1388 331,1391 376,1391 421,1394 465,1394 510,1397 555,1397 600,1400 645,1400 689,1400 734,1403 779,1406 824,1406 869,1406 913,1409 958,1409 1003,1406 1048,1403 1093,1403 1137,1403 1182,1403 1227,1403 1272,1403 1317,1400 1361,1400 1406,1400 1451,1400 1496,1397 1541,1397 1585,1397 1630,1394 1675,1394 1720,1394 1765,1391 1809,1391 1854,1391 1899,1388 1944,1391 1989,1388 2033,1385 2078,1382 2123,1382 2168,1382 2213,1379 2257,1379 2302,1376 2347,1376 2392,1373 2437,1373 2481,1373 2526,1370 2571,1370 2616,1367 2661,1367 2705,1364 2750,1364"/>
                <Word id="tr_2_tl_9_w1" custom="readingOrder {index:0;}">
                    <Coords points="238,1349 238,1409 383,1409 383,1349"/>
                    <TextEquiv>
                        <Unicode>chey</Unicode>
                    </TextEquiv>
                </Word>
                <Word id="tr_2_tl_9_w2" custom="readingOrder {index:1;}">
                    <Coords points="453,1357 453,1417 599,1417 599,1357"/>
                    <TextEquiv>
                        <Unicode>were</Unicode>
                    </TextEquiv>
                </Word>
                <Word id="tr_2_tl_9_w3" custom="readingOrder {index:2;}">
                    <Coords points="659,1360 659,1420 727,1420 727,1360"/>
                    <TextEquiv>
                        <Unicode>on</Unicode>
                    </TextEquiv>
                </Word>
                <Word id="tr_2_tl_9_w4" custom="readingOrder {index:3;}">
                    <Coords points="780,1366 780,1426 900,1426 900,1366"/>
                    <TextEquiv>
                        <Unicode>it.</Unicode>
                    </TextEquiv>
                </Word>
                <Word id="tr_2_tl_9_w5" custom="readingOrder {index:4;}">
                    <Coords points="986,1366 986,1426 1020,1426 1020,1366"/>
                    <TextEquiv>
                        <Unicode>I</Unicode>
                    </TextEquiv>
                </Word>
                <Word id="tr_2_tl_9_w6" custom="readingOrder {index:5;}">
                    <Coords points="1072,1363 1072,1423 1175,1423 1175,1363"/>
                    <TextEquiv>
                        <Unicode>had</Unicode>
                    </TextEquiv>
                </Word>
                <Word id="tr_2_tl_9_w7" custom="readingOrder {index:6;}">
                    <Coords points="1235,1362 1235,1422 1339,1422 1339,1362"/>
                    <TextEquiv>
                        <Unicode>not</Unicode>
                    </TextEquiv>
                </Word>
                <Word id="tr_2_tl_9_w8" custom="readingOrder {index:7;}">
                    <Coords points="1399,1358 1399,1418 1545,1418 1545,1358"/>
                    <TextEquiv>
                        <Unicode>been</Unicode>
                    </TextEquiv>
                </Word>
                <Word id="tr_2_tl_9_w9" custom="readingOrder {index:8;}">
                    <Coords points="1605,1354 1605,1414 1752,1414 1752,1354"/>
                    <TextEquiv>
                        <Unicode>well</Unicode>
                    </TextEquiv>
                </Word>
                <Word id="tr_2_tl_9_w10" custom="readingOrder {index:9;}">
                    <Coords points="1812,1350 1812,1410 1915,1410 1915,1350"/>
                    <TextEquiv>
                        <Unicode>for</Unicode>
                    </TextEquiv>
                </Word>
                <Word id="tr_2_tl_9_w11" custom="readingOrder {index:10;}">
                    <Coords points="1975,1342 1975,1402 2260,1402 2260,1342"/>
                    <TextEquiv>
                        <Unicode>several</Unicode>
                    </TextEquiv>
                </Word>
                <Word id="tr_2_tl_9_w12" custom="readingOrder {index:11;}">
                    <Coords points="2311,1333 2311,1393 2475,1393 2475,1333"/>
                    <TextEquiv>
                        <Unicode>days</Unicode>
                    </TextEquiv>
                </Word>
                <Word id="tr_2_tl_9_w13" custom="readingOrder {index:12;}">
                    <Coords points="2534,1330 2534,1390 2560,1390 2560,1330"/>
                    <TextEquiv>
                        <Unicode>&amp;</Unicode>
                    </TextEquiv>
                </Word>
                <Word id="tr_2_tl_9_w14" custom="readingOrder {index:13;}">
                    <Coords points="2621,1325 2621,1385 2732,1385 2732,1325"/>
                    <TextEquiv>
                        <Unicode>the</Unicode>
                    </TextEquiv>
                </Word>
                <TextEquiv>
                    <Unicode>chey were on it. I had not been well for several days &amp; the</Unicode>
                </TextEquiv>
            </TextLine>
            <TextLine id="tr_2_tl_10" custom="readingOrder {index:9;}">
                <Coords points="228,1489 2372,1476 2700,1456 2704,1379 231,1419"/>
                <Baseline points="247,1451 289,1457 334,1460 379,1463 424,1463 468,1463 513,1466 558,1466 603,1469 648,1466 692,1469 737,1469 782,1469 827,1469 872,1472 916,1472 961,1472 1006,1472 1051,1472 1096,1472 1140,1469 1185,1469 1230,1469 1275,1469 1320,1466 1364,1469 1409,1466 1454,1466 1499,1463 1544,1463 1588,1463 1633,1463 1678,1460 1723,1460 1768,1460 1812,1457 1857,1457 1902,1457 1947,1454 1992,1454 2036,1454 2081,1451 2126,1448 2171,1448 2216,1448 2260,1445 2305,1445 2350,1442 2395,1442 2440,1442 2484,1439 2529,1436 2574,1439 2619,1436 2664,1433 2708,1436"/>
                <Word id="tr_2_tl_10_w1" custom="readingOrder {index:0;}">
                    <Coords points="225,1423 225,1483 559,1483 559,1423"/>
                    <TextEquiv>
                        <Unicode>services</Unicode>
                    </TextEquiv>
                </Word>
                <Word id="tr_2_tl_10_w2" custom="readingOrder {index:1;}">
                    <Coords points="615,1428 615,1488 765,1488 765,1428"/>
                    <TextEquiv>
                        <Unicode>were</Unicode>
                    </TextEquiv>
                </Word>
                <Word id="tr_2_tl_10_w3" custom="readingOrder {index:2;}">
                    <Coords points="821,1430 821,1490 885,1490 885,1430"/>
                    <TextEquiv>
                        <Unicode>so</Unicode>
                    </TextEquiv>
                </Word>
                <Word id="tr_2_tl_10_w4" custom="readingOrder {index:3;}">
                    <Coords points="948,1432 948,1492 1091,1492 1091,1432"/>
                    <TextEquiv>
                        <Unicode>long</Unicode>
                    </TextEquiv>
                </Word>
                <Word id="tr_2_tl_10_w5" custom="readingOrder {index:4;}">
                    <Coords points="1155,1429 1155,1489 1179,1489 1179,1429"/>
                    <TextEquiv>
                        <Unicode>&amp;</Unicode>
                    </TextEquiv>
                </Word>
                <Word id="tr_2_tl_10_w6" custom="readingOrder {index:5;}">
                    <Coords points="1227,1428 1227,1488 1338,1488 1338,1428"/>
                    <TextEquiv>
                        <Unicode>the</Unicode>
                    </TextEquiv>
                </Word>
                <Word id="tr_2_tl_10_w7" custom="readingOrder {index:6;}">
                    <Coords points="1393,1425 1393,1485 1545,1485 1545,1425"/>
                    <TextEquiv>
                        <Unicode>heat</Unicode>
                    </TextEquiv>
                </Word>
                <Word id="tr_2_tl_10_w8" custom="readingOrder {index:7;}">
                    <Coords points="1592,1420 1592,1480 1743,1480 1743,1420"/>
                    <TextEquiv>
                        <Unicode>made</Unicode>
                    </TextEquiv>
                </Word>
                <Word id="tr_2_tl_10_w9" custom="readingOrder {index:8;}">
                    <Coords points="1799,1417 1799,1477 1871,1477 1871,1417"/>
                    <TextEquiv>
                        <Unicode>me</Unicode>
                    </TextEquiv>
                </Word>
                <Word id="tr_2_tl_10_w10" custom="readingOrder {index:9;}">
                    <Coords points="1926,1414 1926,1474 2037,1474 2037,1414"/>
                    <TextEquiv>
                        <Unicode>all</Unicode>
                    </TextEquiv>
                </Word>
                <Word id="tr_2_tl_10_w11" custom="readingOrder {index:10;}">
                    <Coords points="2093,1406 2093,1466 2379,1466 2379,1406"/>
                    <TextEquiv>
                        <Unicode>trembly</Unicode>
                    </TextEquiv>
                </Word>
                <Word id="tr_2_tl_10_w12" custom="readingOrder {index:11;}">
                    <Coords points="2443,1400 2443,1460 2467,1460 2467,1400"/>
                    <TextEquiv>
                        <Unicode>&amp;</Unicode>
                    </TextEquiv>
                </Word>
                <Word id="tr_2_tl_10_w13" custom="readingOrder {index:12;}">
                    <Coords points="2522,1397 2522,1457 2681,1457 2681,1397"/>
                    <TextEquiv>
                        <Unicode>sick</Unicode>
                    </TextEquiv>
                </Word>
                <TextEquiv>
                    <Unicode>services were so long &amp; the heat made me all trembly &amp; sick</Unicode>
                </TextEquiv>
            </TextLine>
            <TextLine id="tr_2_tl_11" custom="readingOrder {index:10;}">
                <Coords points="228,1533 2868,1529 2784,1415 228,1489"/>
                <Baseline points="247,1520 274,1526 319,1526 364,1526 409,1529 453,1532 498,1532 543,1532 588,1532 633,1535 677,1535 722,1538 767,1538 812,1538 857,1541 901,1538 946,1538 991,1538 1036,1535 1081,1535 1125,1535 1170,1538 1215,1535 1260,1535 1305,1535 1349,1535 1394,1535 1439,1532 1484,1529 1529,1532 1573,1532 1618,1529 1663,1529 1708,1526 1753,1526 1797,1526 1842,1526 1887,1526 1932,1520 1977,1523 2021,1520 2066,1520 2111,1517 2156,1517 2201,1517 2245,1514 2290,1514 2335,1514 2380,1511 2425,1508 2469,1508 2514,1508 2559,1505 2604,1505 2649,1505 2693,1505 2738,1502 2783,1502 2828,1499 2873,1502"/>
                <Word id="tr_2_tl_11_w1" custom="readingOrder {index:0;}">
                    <Coords points="233,1483 233,1543 295,1543 295,1483"/>
                    <TextEquiv>
                        <Unicode>at</Unicode>
                    </TextEquiv>
                </Word>
                <Word id="tr_2_tl_11_w2" custom="readingOrder {index:1;}">
                    <Coords points="358,1489 358,1549 467,1549 467,1489"/>
                    <TextEquiv>
                        <Unicode>the</Unicode>
                    </TextEquiv>
                </Word>
                <Word id="tr_2_tl_11_w3" custom="readingOrder {index:2;}">
                    <Coords points="530,1495 530,1555 851,1555 851,1495"/>
                    <TextEquiv>
                        <Unicode>stomach.</Unicode>
                    </TextEquiv>
                </Word>
                <Word id="tr_2_tl_11_w4" custom="readingOrder {index:3;}">
                    <Coords points="944,1498 944,1558 976,1558 976,1498"/>
                    <TextEquiv>
                        <Unicode>I</Unicode>
                    </TextEquiv>
                </Word>
                <Word id="tr_2_tl_11_w5" custom="readingOrder {index:4;}">
                    <Coords points="1023,1495 1023,1555 1132,1555 1132,1495"/>
                    <TextEquiv>
                        <Unicode>got</Unicode>
                    </TextEquiv>
                </Word>
                <Word id="tr_2_tl_11_w6" custom="readingOrder {index:5;}">
                    <Coords points="1187,1495 1187,1555 1297,1555 1297,1495"/>
                    <TextEquiv>
                        <Unicode>all</Unicode>
                    </TextEquiv>
                </Word>
                <Word id="tr_2_tl_11_w7" custom="readingOrder {index:6;}">
                    <Coords points="1352,1491 1352,1551 1539,1551 1539,1491"/>
                    <TextEquiv>
                        <Unicode>right</Unicode>
                    </TextEquiv>
                </Word>
                <Word id="tr_2_tl_11_w8" custom="readingOrder {index:7;}">
                    <Coords points="1594,1487 1594,1547 1789,1547 1789,1487"/>
                    <TextEquiv>
                        <Unicode>after</Unicode>
                    </TextEquiv>
                </Word>
                <Word id="tr_2_tl_11_w9" custom="readingOrder {index:8;}">
                    <Coords points="1845,1486 1845,1546 1876,1546 1876,1486"/>
                    <TextEquiv>
                        <Unicode>I</Unicode>
                    </TextEquiv>
                </Word>
                <Word id="tr_2_tl_11_w10" custom="readingOrder {index:9;}">
                    <Coords points="1930,1481 1930,1541 2080,1541 2080,1481"/>
                    <TextEquiv>
                        <Unicode>came</Unicode>
                    </TextEquiv>
                </Word>
                <Word id="tr_2_tl_11_w11" custom="readingOrder {index:10;}">
                    <Coords points="2134,1474 2134,1534 2337,1534 2337,1474"/>
                    <TextEquiv>
                        <Unicode>home.</Unicode>
                    </TextEquiv>
                </Word>
                <Word id="tr_2_tl_11_w12" custom="readingOrder {index:11;}">
                    <Coords points="2431,1468 2431,1528 2501,1528 2501,1468"/>
                    <TextEquiv>
                        <Unicode>We</Unicode>
                    </TextEquiv>
                </Word>
                <Word id="tr_2_tl_11_w13" custom="readingOrder {index:12;}">
                    <Coords points="2564,1463 2564,1523 2861,1523 2861,1463"/>
                    <TextEquiv>
                        <Unicode>wouldnt</Unicode>
                    </TextEquiv>
                </Word>
                <TextEquiv>
                    <Unicode>at the stomach. I got all right after I came home. We wouldnt</Unicode>
                </TextEquiv>
            </TextLine>
            <TextEquiv>
                <Unicode></Unicode>
            </TextEquiv>
        </TextRegion>
        <TextRegion id="tr_3" custom="readingOrder {index:3;}">
            <Coords points="241,1518 2885,1518 2885,2360 241,2360"/>
            <TextLine id="tr_3_tl_1" custom="readingOrder {index:0;}">
                <Coords points="224,1600 2787,1596 2670,1513 224,1539"/>
                <Baseline points="241,1591 286,1594 331,1594 376,1597 421,1597 465,1597 510,1600 555,1600 600,1600 645,1603 689,1600 734,1603 779,1603 824,1603 869,1603 913,1600 958,1600 1003,1603 1048,1600 1093,1600 1137,1600 1182,1600 1227,1600 1272,1600 1317,1600 1361,1600 1406,1597 1451,1597 1496,1597 1541,1597 1585,1597 1630,1597 1675,1594 1720,1591 1765,1591 1809,1588 1854,1588 1899,1588 1944,1588 1989,1588 2033,1582 2078,1588 2123,1585 2168,1582 2213,1582 2257,1582 2302,1579 2347,1579 2392,1579 2437,1576 2481,1576 2526,1573 2571,1573 2616,1573 2661,1570 2705,1570 2750,1570 2795,1568"/>
                <Word id="tr_3_tl_1_w1" custom="readingOrder {index:0;}">
                    <Coords points="221,1554 221,1614 382,1614 382,1554"/>
                    <TextEquiv>
                        <Unicode>have</Unicode>
                    </TextEquiv>
                </Word>
                <Word id="tr_3_tl_1_w2" custom="readingOrder {index:1;}">
                    <Coords points="445,1560 445,1620 637,1620 637,1560"/>
                    <TextEquiv>
                        <Unicode>known</Unicode>
                    </TextEquiv>
                </Word>
                <Word id="tr_3_tl_1_w3" custom="readingOrder {index:2;}">
                    <Coords points="699,1563 699,1623 884,1623 884,1563"/>
                    <TextEquiv>
                        <Unicode>Uncle</Unicode>
                    </TextEquiv>
                </Word>
                <Word id="tr_3_tl_1_w4" custom="readingOrder {index:3;}">
                    <Coords points="946,1561 946,1621 1100,1621 1100,1561"/>
                    <TextEquiv>
                        <Unicode>Will</Unicode>
                    </TextEquiv>
                </Word>
                <Word id="tr_3_tl_1_w5" custom="readingOrder {index:4;}">
                    <Coords points="1146,1560 1146,1620 1254,1620 1254,1560"/>
                    <TextEquiv>
                        <Unicode>was</Unicode>
                    </TextEquiv>
                </Word>
                <Word id="tr_3_tl_1_w6" custom="readingOrder {index:5;}">
                    <Coords points="1308,1558 1308,1618 1454,1618 1454,1558"/>
                    <TextEquiv>
                        <Unicode>dead</Unicode>
                    </TextEquiv>
                </Word>
                <Word id="tr_3_tl_1_w7" custom="readingOrder {index:6;}">
                    <Coords points="1517,1557 1517,1617 1586,1617 1586,1557"/>
                    <TextEquiv>
                        <Unicode>if</Unicode>
                    </TextEquiv>
                </Word>
                <Word id="tr_3_tl_1_w8" custom="readingOrder {index:7;}">
                    <Coords points="1639,1553 1639,1613 1740,1613 1740,1553"/>
                    <TextEquiv>
                        <Unicode>Jim</Unicode>
                    </TextEquiv>
                </Word>
                <Word id="tr_3_tl_1_w9" custom="readingOrder {index:8;}">
                    <Coords points="1809,1548 1809,1608 2040,1608 2040,1548"/>
                    <TextEquiv>
                        <Unicode>Forgey</Unicode>
                    </TextEquiv>
                </Word>
                <Word id="tr_3_tl_1_w10" custom="readingOrder {index:9;}">
                    <Coords points="2094,1542 2094,1602 2295,1602 2295,1542"/>
                    <TextEquiv>
                        <Unicode>hadnt</Unicode>
                    </TextEquiv>
                </Word>
                <Word id="tr_3_tl_1_w11" custom="readingOrder {index:10;}">
                    <Coords points="2356,1534 2356,1594 2642,1594 2642,1534"/>
                    <TextEquiv>
                        <Unicode>stopped</Unicode>
                    </TextEquiv>
                </Word>
                <Word id="tr_3_tl_1_w12" custom="readingOrder {index:11;}">
                    <Coords points="2703,1530 2703,1590 2773,1590 2773,1530"/>
                    <TextEquiv>
                        <Unicode>in</Unicode>
                    </TextEquiv>
                </Word>
                <TextEquiv>
                    <Unicode>have known Uncle Will was dead if Jim Forgey hadnt stopped in</Unicode>
                </TextEquiv>
            </TextLine>
            <TextLine id="tr_3_tl_2" custom="readingOrder {index:1;}">
                <Coords points="224,1670 2684,1663 2593,1589 224,1620"/>
                <Baseline points="244,1660 274,1660 319,1663 364,1663 409,1666 453,1666 498,1666 543,1666 588,1666 633,1669 677,1669 722,1669 767,1669 812,1669 857,1669 901,1672 946,1669 991,1669 1036,1669 1081,1669 1125,1669 1170,1666 1215,1666 1260,1666 1305,1666 1349,1666 1394,1663 1439,1663 1484,1663 1529,1663 1573,1663 1618,1663 1663,1660 1708,1660 1753,1657 1797,1657 1842,1657 1887,1657 1932,1657 1977,1654 2021,1654 2066,1654 2111,1654 2156,1654 2201,1654 2245,1651 2290,1651 2335,1648 2380,1648 2425,1648 2469,1645 2514,1648 2559,1645 2604,1645 2649,1642 2693,1648"/>
                <Word id="tr_3_tl_2_w1" custom="readingOrder {index:0;}">
                    <Coords points="221,1620 221,1680 336,1680 336,1620"/>
                    <TextEquiv>
                        <Unicode>out</Unicode>
                    </TextEquiv>
                </Word>
                <Word id="tr_3_tl_2_w2" custom="readingOrder {index:1;}">
                    <Coords points="393,1626 393,1686 465,1686 465,1626"/>
                    <TextEquiv>
                        <Unicode>of</Unicode>
                    </TextEquiv>
                </Word>
                <Word id="tr_3_tl_2_w3" custom="readingOrder {index:2;}">
                    <Coords points="531,1626 531,1686 631,1686 631,1626"/>
                    <TextEquiv>
                        <Unicode>the</Unicode>
                    </TextEquiv>
                </Word>
                <Word id="tr_3_tl_2_w4" custom="readingOrder {index:3;}">
                    <Coords points="696,1629 696,1689 841,1689 841,1629"/>
                    <TextEquiv>
                        <Unicode>rain</Unicode>
                    </TextEquiv>
                </Word>
                <Word id="tr_3_tl_2_w5" custom="readingOrder {index:4;}">
                    <Coords points="905,1631 905,1691 927,1691 927,1631"/>
                    <TextEquiv>
                        <Unicode>&amp;</Unicode>
                    </TextEquiv>
                </Word>
                <Word id="tr_3_tl_2_w6" custom="readingOrder {index:5;}">
                    <Coords points="984,1629 984,1689 1085,1689 1085,1629"/>
                    <TextEquiv>
                        <Unicode>you</Unicode>
                    </TextEquiv>
                </Word>
                <Word id="tr_3_tl_2_w7" custom="readingOrder {index:6;}">
                    <Coords points="1144,1626 1144,1686 1330,1686 1330,1626"/>
                    <TextEquiv>
                        <Unicode>would</Unicode>
                    </TextEquiv>
                </Word>
                <Word id="tr_3_tl_2_w8" custom="readingOrder {index:7;}">
                    <Coords points="1388,1623 1388,1683 1583,1683 1583,1623"/>
                    <TextEquiv>
                        <Unicode>never</Unicode>
                    </TextEquiv>
                </Word>
                <Word id="tr_3_tl_2_w9" custom="readingOrder {index:8;}">
                    <Coords points="1633,1619 1633,1679 1785,1679 1785,1619"/>
                    <TextEquiv>
                        <Unicode>have</Unicode>
                    </TextEquiv>
                </Word>
                <Word id="tr_3_tl_2_w10" custom="readingOrder {index:9;}">
                    <Coords points="1843,1616 1843,1676 2037,1676 2037,1616"/>
                    <TextEquiv>
                        <Unicode>known</Unicode>
                    </TextEquiv>
                </Word>
                <Word id="tr_3_tl_2_w11" custom="readingOrder {index:10;}">
                    <Coords points="2095,1614 2095,1674 2253,1674 2253,1614"/>
                    <TextEquiv>
                        <Unicode>that</Unicode>
                    </TextEquiv>
                </Word>
                <Word id="tr_3_tl_2_w12" custom="readingOrder {index:11;}">
                    <Coords points="2311,1608 2311,1668 2339,1668 2339,1608"/>
                    <TextEquiv>
                        <Unicode>I</Unicode>
                    </TextEquiv>
                </Word>
                <Word id="tr_3_tl_2_w13" custom="readingOrder {index:12;}">
                    <Coords points="2398,1606 2398,1666 2506,1666 2506,1606"/>
                    <TextEquiv>
                        <Unicode>was</Unicode>
                    </TextEquiv>
                </Word>
                <Word id="tr_3_tl_2_w14" custom="readingOrder {index:13;}">
                    <Coords points="2570,1603 2570,1663 2678,1663 2678,1603"/>
                    <TextEquiv>
                        <Unicode>any</Unicode>
                    </TextEquiv>
                </Word>
                <TextEquiv>
                    <Unicode>out of the rain &amp; you would never have known that I was any</Unicode>
                </TextEquiv>
            </TextLine>
            <TextLine id="tr_3_tl_3" custom="readingOrder {index:2;}">
                <Coords points="224,1750 2881,1720 2858,1633 224,1680"/>
                <Baseline points="241,1732 286,1735 331,1735 376,1738 421,1738 465,1738 510,1738 555,1738 600,1741 645,1741 689,1741 734,1741 779,1741 824,1741 869,1741 913,1741 958,1741 1003,1741 1048,1738 1093,1738 1137,1738 1182,1735 1227,1738 1272,1738 1317,1738 1361,1735 1406,1735 1451,1732 1496,1732 1541,1735 1585,1735 1630,1732 1675,1732 1720,1732 1765,1729 1809,1729 1854,1729 1899,1729 1944,1726 1989,1729 2033,1726 2078,1726 2123,1726 2168,1726 2213,1723 2257,1723 2302,1720 2347,1720 2392,1717 2437,1714 2481,1717 2526,1714 2571,1714 2616,1714 2661,1714 2705,1714 2750,1711 2795,1711 2840,1708 2885,1711"/>
                <Word id="tr_3_tl_3_w1" custom="readingOrder {index:0;}">
                    <Coords points="228,1694 228,1754 329,1754 329,1694"/>
                    <TextEquiv>
                        <Unicode>Kin</Unicode>
                    </TextEquiv>
                </Word>
                <Word id="tr_3_tl_3_w2" custom="readingOrder {index:1;}">
                    <Coords points="400,1698 400,1758 466,1758 466,1698"/>
                    <TextEquiv>
                        <Unicode>to</Unicode>
                    </TextEquiv>
                </Word>
                <Word id="tr_3_tl_3_w3" custom="readingOrder {index:2;}">
                    <Coords points="531,1701 531,1761 719,1761 719,1701"/>
                    <TextEquiv>
                        <Unicode>Frank</Unicode>
                    </TextEquiv>
                </Word>
                <Word id="tr_3_tl_3_w4" custom="readingOrder {index:3;}">
                    <Coords points="776,1701 776,1761 848,1761 848,1701"/>
                    <TextEquiv>
                        <Unicode>or</Unicode>
                    </TextEquiv>
                </Word>
                <Word id="tr_3_tl_3_w5" custom="readingOrder {index:4;}">
                    <Coords points="898,1701 898,1761 1007,1761 1007,1701"/>
                    <TextEquiv>
                        <Unicode>any</Unicode>
                    </TextEquiv>
                </Word>
                <Word id="tr_3_tl_3_w6" custom="readingOrder {index:5;}">
                    <Coords points="1064,1698 1064,1758 1129,1758 1129,1698"/>
                    <TextEquiv>
                        <Unicode>of</Unicode>
                    </TextEquiv>
                </Word>
                <Word id="tr_3_tl_3_w7" custom="readingOrder {index:6;}">
                    <Coords points="1188,1698 1188,1758 1382,1758 1382,1698"/>
                    <TextEquiv>
                        <Unicode>them.</Unicode>
                    </TextEquiv>
                </Word>
                <Word id="tr_3_tl_3_w8" custom="readingOrder {index:7;}">
                    <Coords points="1469,1695 1469,1755 1620,1755 1620,1695"/>
                    <TextEquiv>
                        <Unicode>Miss</Unicode>
                    </TextEquiv>
                </Word>
                <Word id="tr_3_tl_3_w9" custom="readingOrder {index:8;}">
                    <Coords points="1685,1690 1685,1750 1786,1750 1786,1690"/>
                    <TextEquiv>
                        <Unicode>Ida</Unicode>
                    </TextEquiv>
                </Word>
                <Word id="tr_3_tl_3_w10" custom="readingOrder {index:9;}">
                    <Coords points="1844,1687 1844,1747 2089,1747 2089,1687"/>
                    <TextEquiv>
                        <Unicode>Smith,</Unicode>
                    </TextEquiv>
                </Word>
                <Word id="tr_3_tl_3_w11" custom="readingOrder {index:10;}">
                    <Coords points="2139,1683 2139,1743 2291,1743 2291,1683"/>
                    <TextEquiv>
                        <Unicode>Rich</Unicode>
                    </TextEquiv>
                </Word>
                <Word id="tr_3_tl_3_w12" custom="readingOrder {index:11;}">
                    <Coords points="2356,1678 2356,1738 2377,1738 2377,1678"/>
                    <TextEquiv>
                        <Unicode>s</Unicode>
                    </TextEquiv>
                </Word>
                <Word id="tr_3_tl_3_w13" custom="readingOrder {index:12;}">
                    <Coords points="2443,1674 2443,1734 2861,1734 2861,1674"/>
                    <TextEquiv>
                        <Unicode>sweetheart</Unicode>
                    </TextEquiv>
                </Word>
                <TextEquiv>
                    <Unicode>Kin to Frank or any of them. Miss Ida Smith, Rich s sweetheart</Unicode>
                </TextEquiv>
            </TextLine>
            <TextLine id="tr_3_tl_4" custom="readingOrder {index:3;}">
                <Coords points="231,1824 2707,1797 2680,1723 231,1753"/>
                <Baseline points="250,1797 253,1794 298,1797 343,1797 388,1800 433,1800 477,1800 522,1803 567,1803 612,1803 657,1803 701,1803 746,1803 791,1803 836,1803 881,1803 925,1803 970,1803 1015,1803 1060,1803 1105,1803 1149,1803 1194,1800 1239,1803 1284,1800 1329,1800 1373,1800 1418,1800 1463,1800 1508,1800 1553,1797 1597,1797 1642,1797 1687,1797 1732,1794 1777,1794 1821,1794 1866,1794 1911,1794 1956,1794 2001,1792 2045,1792 2090,1792 2135,1792 2180,1792 2225,1789 2269,1792 2314,1789 2359,1789 2404,1786 2449,1783 2493,1786 2538,1783 2583,1783 2628,1783 2673,1783 2717,1783"/>
                <Word id="tr_3_tl_4_w1" custom="readingOrder {index:0;}">
                    <Coords points="234,1757 234,1817 465,1817 465,1757"/>
                    <TextEquiv>
                        <Unicode>seemed</Unicode>
                    </TextEquiv>
                </Word>
                <Word id="tr_3_tl_4_w2" custom="readingOrder {index:1;}">
                    <Coords points="534,1763 534,1823 595,1823 595,1763"/>
                    <TextEquiv>
                        <Unicode>to</Unicode>
                    </TextEquiv>
                </Word>
                <Word id="tr_3_tl_4_w3" custom="readingOrder {index:2;}">
                    <Coords points="657,1763 657,1823 806,1823 806,1763"/>
                    <TextEquiv>
                        <Unicode>have</Unicode>
                    </TextEquiv>
                </Word>
                <Word id="tr_3_tl_4_w4" custom="readingOrder {index:3;}">
                    <Coords points="862,1763 862,1823 1086,1823 1086,1763"/>
                    <TextEquiv>
                        <Unicode>charge</Unicode>
                    </TextEquiv>
                </Word>
                <Word id="tr_3_tl_4_w5" custom="readingOrder {index:4;}">
                    <Coords points="1147,1760 1147,1820 1216,1820 1216,1760"/>
                    <TextEquiv>
                        <Unicode>of</Unicode>
                    </TextEquiv>
                </Word>
                <Word id="tr_3_tl_4_w6" custom="readingOrder {index:5;}">
                    <Coords points="1270,1760 1270,1820 1372,1820 1372,1760"/>
                    <TextEquiv>
                        <Unicode>the</Unicode>
                    </TextEquiv>
                </Word>
                <Word id="tr_3_tl_4_w7" custom="readingOrder {index:6;}">
                    <Coords points="1434,1757 1434,1817 1666,1817 1666,1757"/>
                    <TextEquiv>
                        <Unicode>house.</Unicode>
                    </TextEquiv>
                </Word>
                <Word id="tr_3_tl_4_w8" custom="readingOrder {index:7;}">
                    <Coords points="1761,1754 1761,1814 1918,1814 1918,1754"/>
                    <TextEquiv>
                        <Unicode>They</Unicode>
                    </TextEquiv>
                </Word>
                <Word id="tr_3_tl_4_w9" custom="readingOrder {index:8;}">
                    <Coords points="1973,1752 1973,1812 2081,1812 2081,1752"/>
                    <TextEquiv>
                        <Unicode>had</Unicode>
                    </TextEquiv>
                </Word>
                <Word id="tr_3_tl_4_w10" custom="readingOrder {index:9;}">
                    <Coords points="2144,1751 2144,1811 2382,1811 2382,1751"/>
                    <TextEquiv>
                        <Unicode>thirty</Unicode>
                    </TextEquiv>
                </Word>
                <Word id="tr_3_tl_4_w11" custom="readingOrder {index:10;}">
                    <Coords points="2444,1744 2444,1804 2512,1804 2512,1744"/>
                    <TextEquiv>
                        <Unicode>to</Unicode>
                    </TextEquiv>
                </Word>
                <Word id="tr_3_tl_4_w12" custom="readingOrder {index:11;}">
                    <Coords points="2573,1743 2573,1803 2688,1803 2688,1743"/>
                    <TextEquiv>
                        <Unicode>eat</Unicode>
                    </TextEquiv>
                </Word>
                <TextEquiv>
                    <Unicode>seemed to have charge of the house. They had thirty to eat</Unicode>
                </TextEquiv>
            </TextLine>
            <TextLine id="tr_3_tl_5" custom="readingOrder {index:4;}">
                <Coords points="231,1877 2791,1864 2791,1777 231,1824"/>
                <Baseline points="250,1866 289,1869 334,1872 379,1872 424,1872 468,1872 513,1872 558,1875 603,1872 648,1872 692,1875 737,1875 782,1872 827,1872 872,1872 916,1872 961,1872 1006,1872 1051,1869 1096,1869 1140,1869 1185,1869 1230,1869 1275,1869 1320,1869 1364,1869 1409,1866 1454,1866 1499,1866 1544,1866 1588,1863 1633,1866 1678,1866 1723,1863 1768,1863 1812,1863 1857,1863 1902,1863 1947,1863 1992,1863 2036,1860 2081,1860 2126,1860 2171,1860 2216,1857 2260,1857 2305,1857 2350,1854 2395,1857 2440,1854 2484,1854 2529,1854 2574,1851 2619,1851 2664,1851 2708,1851 2753,1851 2798,1851"/>
                <Word id="tr_3_tl_5_w1" custom="readingOrder {index:0;}">
                    <Coords points="234,1832 234,1892 515,1892 515,1832"/>
                    <TextEquiv>
                        <Unicode>dinner.</Unicode>
                    </TextEquiv>
                </Word>
                <Word id="tr_3_tl_5_w2" custom="readingOrder {index:1;}">
                    <Coords points="615,1835 615,1895 803,1895 803,1835"/>
                    <TextEquiv>
                        <Unicode>Alice</Unicode>
                    </TextEquiv>
                </Word>
                <Word id="tr_3_tl_5_w3" custom="readingOrder {index:2;}">
                    <Coords points="870,1832 870,1892 1011,1892 1011,1832"/>
                    <TextEquiv>
                        <Unicode>said</Unicode>
                    </TextEquiv>
                </Word>
                <Word id="tr_3_tl_5_w4" custom="readingOrder {index:3;}">
                    <Coords points="1071,1829 1071,1889 1172,1889 1172,1829"/>
                    <TextEquiv>
                        <Unicode>she</Unicode>
                    </TextEquiv>
                </Word>
                <Word id="tr_3_tl_5_w5" custom="readingOrder {index:4;}">
                    <Coords points="1232,1829 1232,1889 1333,1889 1333,1829"/>
                    <TextEquiv>
                        <Unicode>did</Unicode>
                    </TextEquiv>
                </Word>
                <Word id="tr_3_tl_5_w6" custom="readingOrder {index:5;}">
                    <Coords points="1393,1826 1393,1886 1500,1886 1500,1826"/>
                    <TextEquiv>
                        <Unicode>not</Unicode>
                    </TextEquiv>
                </Word>
                <Word id="tr_3_tl_5_w7" custom="readingOrder {index:6;}">
                    <Coords points="1561,1824 1561,1884 1667,1884 1667,1824"/>
                    <TextEquiv>
                        <Unicode>see</Unicode>
                    </TextEquiv>
                </Word>
                <Word id="tr_3_tl_5_w8" custom="readingOrder {index:7;}">
                    <Coords points="1721,1823 1721,1883 1875,1883 1875,1823"/>
                    <TextEquiv>
                        <Unicode>what</Unicode>
                    </TextEquiv>
                </Word>
                <Word id="tr_3_tl_5_w9" custom="readingOrder {index:8;}">
                    <Coords points="1935,1823 1935,1883 1996,1883 1996,1823"/>
                    <TextEquiv>
                        <Unicode>on</Unicode>
                    </TextEquiv>
                </Word>
                <Word id="tr_3_tl_5_w10" custom="readingOrder {index:9;}">
                    <Coords points="2063,1820 2063,1880 2250,1880 2250,1820"/>
                    <TextEquiv>
                        <Unicode>earth</Unicode>
                    </TextEquiv>
                </Word>
                <Word id="tr_3_tl_5_w11" custom="readingOrder {index:10;}">
                    <Coords points="2318,1814 2318,1874 2553,1874 2553,1814"/>
                    <TextEquiv>
                        <Unicode>people</Unicode>
                    </TextEquiv>
                </Word>
                <Word id="tr_3_tl_5_w12" custom="readingOrder {index:11;}">
                    <Coords points="2619,1811 2619,1871 2773,1871 2773,1811"/>
                    <TextEquiv>
                        <Unicode>came</Unicode>
                    </TextEquiv>
                </Word>
                <TextEquiv>
                    <Unicode>dinner. Alice said she did not see what on earth people came</Unicode>
                </TextEquiv>
            </TextLine>
            <TextLine id="tr_3_tl_6" custom="readingOrder {index:5;}">
                <Coords points="241,1951 2791,1948 2771,1861 241,1884"/>
                <Baseline points="259,1932 289,1935 334,1938 379,1938 424,1938 468,1938 513,1938 558,1938 603,1938 648,1938 692,1938 737,1938 782,1938 827,1938 872,1938 916,1938 961,1938 1006,1938 1051,1941 1096,1938 1140,1938 1185,1935 1230,1938 1275,1935 1320,1935 1364,1935 1409,1935 1454,1935 1499,1932 1544,1935 1588,1935 1633,1935 1678,1932 1723,1932 1768,1932 1812,1932 1857,1929 1902,1929 1947,1929 1992,1929 2036,1929 2081,1929 2126,1929 2171,1929 2216,1926 2260,1926 2305,1926 2350,1926 2395,1926 2440,1926 2484,1923 2529,1923 2574,1923 2619,1923 2664,1923 2708,1923 2753,1923 2798,1920"/>
                <Word id="tr_3_tl_6_w1" custom="readingOrder {index:0;}">
                    <Coords points="244,1898 244,1958 430,1958 430,1898"/>
                    <TextEquiv>
                        <Unicode>there</Unicode>
                    </TextEquiv>
                </Word>
                <Word id="tr_3_tl_6_w2" custom="readingOrder {index:1;}">
                    <Coords points="497,1898 497,1958 564,1958 564,1898"/>
                    <TextEquiv>
                        <Unicode>to</Unicode>
                    </TextEquiv>
                </Word>
                <Word id="tr_3_tl_6_w3" custom="readingOrder {index:2;}">
                    <Coords points="624,1898 624,1958 731,1958 731,1898"/>
                    <TextEquiv>
                        <Unicode>eat</Unicode>
                    </TextEquiv>
                </Word>
                <Word id="tr_3_tl_6_w4" custom="readingOrder {index:3;}">
                    <Coords points="790,1898 790,1958 944,1958 944,1898"/>
                    <TextEquiv>
                        <Unicode>for.</Unicode>
                    </TextEquiv>
                </Word>
                <Word id="tr_3_tl_6_w5" custom="readingOrder {index:4;}">
                    <Coords points="1031,1898 1031,1958 1185,1958 1185,1898"/>
                    <TextEquiv>
                        <Unicode>They</Unicode>
                    </TextEquiv>
                </Word>
                <Word id="tr_3_tl_6_w6" custom="readingOrder {index:5;}">
                    <Coords points="1238,1895 1238,1955 1385,1955 1385,1895"/>
                    <TextEquiv>
                        <Unicode>sang</Unicode>
                    </TextEquiv>
                </Word>
                <Word id="tr_3_tl_6_w7" custom="readingOrder {index:6;}">
                    <Coords points="1445,1892 1445,1952 1545,1952 1545,1892"/>
                    <TextEquiv>
                        <Unicode>the</Unicode>
                    </TextEquiv>
                </Word>
                <Word id="tr_3_tl_6_w8" custom="readingOrder {index:7;}">
                    <Coords points="1605,1892 1605,1952 1752,1952 1752,1892"/>
                    <TextEquiv>
                        <Unicode>same</Unicode>
                    </TextEquiv>
                </Word>
                <Word id="tr_3_tl_6_w9" custom="readingOrder {index:8;}">
                    <Coords points="1812,1889 1812,1949 2006,1949 2006,1889"/>
                    <TextEquiv>
                        <Unicode>songs</Unicode>
                    </TextEquiv>
                </Word>
                <Word id="tr_3_tl_6_w10" custom="readingOrder {index:9;}">
                    <Coords points="2066,1889 2066,1949 2219,1949 2219,1889"/>
                    <TextEquiv>
                        <Unicode>they</Unicode>
                    </TextEquiv>
                </Word>
                <Word id="tr_3_tl_6_w11" custom="readingOrder {index:10;}">
                    <Coords points="2280,1886 2280,1946 2426,1946 2426,1886"/>
                    <TextEquiv>
                        <Unicode>sang</Unicode>
                    </TextEquiv>
                </Word>
                <Word id="tr_3_tl_6_w12" custom="readingOrder {index:11;}">
                    <Coords points="2486,1883 2486,1943 2560,1943 2560,1883"/>
                    <TextEquiv>
                        <Unicode>at</Unicode>
                    </TextEquiv>
                </Word>
                <Word id="tr_3_tl_6_w13" custom="readingOrder {index:12;}">
                    <Coords points="2620,1883 2620,1943 2780,1943 2780,1883"/>
                    <TextEquiv>
                        <Unicode>Aunt</Unicode>
                    </TextEquiv>
                </Word>
                <TextEquiv>
                    <Unicode>there to eat for. They sang the same songs they sang at Aunt</Unicode>
                </TextEquiv>
            </TextLine>
            <TextLine id="tr_3_tl_7" custom="readingOrder {index:6;}">
                <Coords points="238,2018 2697,2014 2593,1931 238,1944"/>
                <Baseline points="256,1992 301,2007 346,2007 391,2007 436,2010 480,2007 525,2007 570,2007 615,2007 660,2007 704,2007 749,2007 794,2007 839,2007 884,2004 928,2007 973,2007 1018,2004 1063,2004 1108,2001 1152,2001 1197,2004 1242,2004 1287,2004 1332,2004 1376,2004 1421,2001 1466,2001 1511,2001 1556,2001 1600,2001 1645,2001 1690,2001 1735,2001 1780,1998 1824,1998 1869,1998 1914,2001 1959,1998 2004,1998 2048,1998 2093,1998 2138,1998 2183,1998 2228,1998 2272,1995 2317,1995 2362,1995 2407,1992 2452,1992 2496,1992 2541,1992 2586,1995 2631,1992 2676,1995 2705,1995"/>
                <Word id="tr_3_tl_7_w1" custom="readingOrder {index:0;}">
                    <Coords points="241,1967 241,2027 561,2027 561,1967"/>
                    <TextEquiv>
                        <Unicode>Sallie's</Unicode>
                    </TextEquiv>
                </Word>
                <Word id="tr_3_tl_7_w2" custom="readingOrder {index:1;}">
                    <Coords points="623,1967 623,2027 942,2027 942,1967"/>
                    <TextEquiv>
                        <Unicode>funeral.</Unicode>
                    </TextEquiv>
                </Word>
                <Word id="tr_3_tl_7_w3" custom="readingOrder {index:2;}">
                    <Coords points="1033,1964 1033,2024 1421,2024 1421,1964"/>
                    <TextEquiv>
                        <Unicode>Everything</Unicode>
                    </TextEquiv>
                </Word>
                <Word id="tr_3_tl_7_w4" custom="readingOrder {index:3;}">
                    <Coords points="1484,1961 1484,2021 1588,2021 1588,1961"/>
                    <TextEquiv>
                        <Unicode>was</Unicode>
                    </TextEquiv>
                </Word>
                <Word id="tr_3_tl_7_w5" custom="readingOrder {index:4;}">
                    <Coords points="1650,1961 1650,2021 1713,2021 1713,1961"/>
                    <TextEquiv>
                        <Unicode>so</Unicode>
                    </TextEquiv>
                </Word>
                <Word id="tr_3_tl_7_w6" custom="readingOrder {index:5;}">
                    <Coords points="1769,1959 1769,2019 2005,2019 2005,1959"/>
                    <TextEquiv>
                        <Unicode>pretty</Unicode>
                    </TextEquiv>
                </Word>
                <Word id="tr_3_tl_7_w7" custom="readingOrder {index:6;}">
                    <Coords points="2067,1958 2067,2018 2136,2018 2136,1958"/>
                    <TextEquiv>
                        <Unicode>at</Unicode>
                    </TextEquiv>
                </Word>
                <Word id="tr_3_tl_7_w8" custom="readingOrder {index:7;}">
                    <Coords points="2192,1955 2192,2015 2393,2015 2393,1955"/>
                    <TextEquiv>
                        <Unicode>Stony</Unicode>
                    </TextEquiv>
                </Word>
                <Word id="tr_3_tl_7_w9" custom="readingOrder {index:8;}">
                    <Coords points="2449,1954 2449,2014 2699,2014 2699,1954"/>
                    <TextEquiv>
                        <Unicode>Point.</Unicode>
                    </TextEquiv>
                </Word>
                <TextEquiv>
                    <Unicode>Sallie's funeral. Everything was so pretty at Stony Point.</Unicode>
                </TextEquiv>
            </TextLine>
            <TextLine id="tr_3_tl_8" custom="readingOrder {index:7;}">
                <Coords points="234,2085 2650,2085 2650,2008 2493,1994 234,2014"/>
                <Baseline points="253,2060 298,2072 343,2075 388,2075 433,2075 477,2075 522,2072 567,2072 612,2072 657,2075 701,2072 746,2072 791,2072 836,2072 881,2072 925,2072 970,2072 1015,2072 1060,2072 1105,2072 1149,2072 1194,2072 1239,2069 1284,2069 1329,2069 1373,2069 1418,2069 1463,2069 1508,2069 1553,2069 1597,2069 1642,2069 1687,2069 1732,2069 1777,2069 1821,2069 1866,2069 1911,2066 1956,2066 2001,2066 2045,2066 2090,2069 2135,2066 2180,2066 2225,2066 2269,2066 2314,2066 2359,2066 2404,2063 2449,2063 2493,2063 2538,2066 2583,2066 2628,2066 2658,2066"/>
                <Word id="tr_3_tl_8_w1" custom="readingOrder {index:0;}">
                    <Coords points="237,2029 237,2089 341,2089 341,2029"/>
                    <TextEquiv>
                        <Unicode>The</Unicode>
                    </TextEquiv>
                </Word>
                <Word id="tr_3_tl_8_w2" custom="readingOrder {index:1;}">
                    <Coords points="410,2032 410,2092 605,2092 605,2032"/>
                    <TextEquiv>
                        <Unicode>trees</Unicode>
                    </TextEquiv>
                </Word>
                <Word id="tr_3_tl_8_w3" custom="readingOrder {index:2;}">
                    <Coords points="667,2033 667,2093 688,2093 688,2033"/>
                    <TextEquiv>
                        <Unicode>&amp;</Unicode>
                    </TextEquiv>
                </Word>
                <Word id="tr_3_tl_8_w4" custom="readingOrder {index:3;}">
                    <Coords points="751,2032 751,2092 1021,2092 1021,2032"/>
                    <TextEquiv>
                        <Unicode>flowers</Unicode>
                    </TextEquiv>
                </Word>
                <Word id="tr_3_tl_8_w5" custom="readingOrder {index:4;}">
                    <Coords points="1077,2032 1077,2092 1257,2092 1257,2032"/>
                    <TextEquiv>
                        <Unicode>Uncle</Unicode>
                    </TextEquiv>
                </Word>
                <Word id="tr_3_tl_8_w6" custom="readingOrder {index:5;}">
                    <Coords points="1320,2029 1320,2089 1472,2089 1472,2029"/>
                    <TextEquiv>
                        <Unicode>Will</Unicode>
                    </TextEquiv>
                </Word>
                <Word id="tr_3_tl_8_w7" custom="readingOrder {index:6;}">
                    <Coords points="1521,2029 1521,2089 1632,2089 1632,2029"/>
                    <TextEquiv>
                        <Unicode>had</Unicode>
                    </TextEquiv>
                </Word>
                <Word id="tr_3_tl_8_w8" custom="readingOrder {index:7;}">
                    <Coords points="1688,2029 1688,2089 1958,2089 1958,2029"/>
                    <TextEquiv>
                        <Unicode>planted</Unicode>
                    </TextEquiv>
                </Word>
                <Word id="tr_3_tl_8_w9" custom="readingOrder {index:8;}">
                    <Coords points="2028,2026 2028,2086 2049,2086 2049,2026"/>
                    <TextEquiv>
                        <Unicode>&amp;</Unicode>
                    </TextEquiv>
                </Word>
                <Word id="tr_3_tl_8_w10" custom="readingOrder {index:9;}">
                    <Coords points="2111,2026 2111,2086 2340,2086 2340,2026"/>
                    <TextEquiv>
                        <Unicode>looked</Unicode>
                    </TextEquiv>
                </Word>
                <Word id="tr_3_tl_8_w11" custom="readingOrder {index:10;}">
                    <Coords points="2409,2025 2409,2085 2652,2085 2652,2025"/>
                    <TextEquiv>
                        <Unicode>after.</Unicode>
                    </TextEquiv>
                </Word>
                <TextEquiv>
                    <Unicode>The trees &amp; flowers Uncle Will had planted &amp; looked after.</Unicode>
                </TextEquiv>
            </TextLine>
            <TextLine id="tr_3_tl_9" custom="readingOrder {index:8;}">
                <Coords points="234,2148 2630,2152 2597,2071 234,2075"/>
                <Baseline points="253,2144 262,2144 307,2144 352,2144 397,2144 442,2144 486,2141 531,2141 576,2141 621,2141 666,2141 710,2138 755,2138 800,2138 845,2141 890,2141 934,2141 979,2138 1024,2138 1069,2138 1114,2138 1158,2138 1203,2135 1248,2135 1293,2138 1338,2135 1382,2138 1427,2138 1472,2138 1517,2138 1562,2135 1606,2135 1651,2138 1696,2138 1741,2138 1786,2138 1830,2135 1875,2135 1920,2135 1965,2138 2010,2135 2054,2135 2099,2135 2144,2135 2189,2135 2234,2135 2278,2132 2323,2135 2368,2132 2413,2132 2458,2132 2502,2132 2547,2132 2592,2132 2637,2135"/>
                <Word id="tr_3_tl_9_w1" custom="readingOrder {index:0;}">
                    <Coords points="237,2104 237,2164 428,2164 428,2104"/>
                    <TextEquiv>
                        <Unicode>Stony</Unicode>
                    </TextEquiv>
                </Word>
                <Word id="tr_3_tl_9_w2" custom="readingOrder {index:1;}">
                    <Coords points="489,2101 489,2161 687,2161 687,2101"/>
                    <TextEquiv>
                        <Unicode>Point</Unicode>
                    </TextEquiv>
                </Word>
                <Word id="tr_3_tl_9_w3" custom="readingOrder {index:2;}">
                    <Coords points="742,2099 742,2159 892,2159 892,2099"/>
                    <TextEquiv>
                        <Unicode>will</Unicode>
                    </TextEquiv>
                </Word>
                <Word id="tr_3_tl_9_w4" custom="readingOrder {index:3;}">
                    <Coords points="947,2098 947,2158 1137,2158 1137,2098"/>
                    <TextEquiv>
                        <Unicode>never</Unicode>
                    </TextEquiv>
                </Word>
                <Word id="tr_3_tl_9_w5" custom="readingOrder {index:4;}">
                    <Coords points="1192,2095 1192,2155 1261,2155 1261,2095"/>
                    <TextEquiv>
                        <Unicode>be</Unicode>
                    </TextEquiv>
                </Word>
                <Word id="tr_3_tl_9_w6" custom="readingOrder {index:5;}">
                    <Coords points="1315,2097 1315,2157 1424,2157 1424,2097"/>
                    <TextEquiv>
                        <Unicode>the</Unicode>
                    </TextEquiv>
                </Word>
                <Word id="tr_3_tl_9_w7" custom="readingOrder {index:6;}">
                    <Coords points="1486,2095 1486,2155 1629,2155 1629,2095"/>
                    <TextEquiv>
                        <Unicode>same</Unicode>
                    </TextEquiv>
                </Word>
                <Word id="tr_3_tl_9_w8" custom="readingOrder {index:7;}">
                    <Coords points="1691,2096 1691,2156 1922,2156 1922,2096"/>
                    <TextEquiv>
                        <Unicode>again.</Unicode>
                    </TextEquiv>
                </Word>
                <Word id="tr_3_tl_9_w9" custom="readingOrder {index:8;}">
                    <Coords points="2018,2095 2018,2155 2127,2155 2127,2095"/>
                    <TextEquiv>
                        <Unicode>The</Unicode>
                    </TextEquiv>
                </Word>
                <Word id="tr_3_tl_9_w10" custom="readingOrder {index:9;}">
                    <Coords points="2188,2093 2188,2153 2516,2153 2516,2093"/>
                    <TextEquiv>
                        <Unicode>children</Unicode>
                    </TextEquiv>
                </Word>
                <Word id="tr_3_tl_9_w11" custom="readingOrder {index:10;}">
                    <Coords points="2584,2092 2584,2152 2605,2152 2605,2092"/>
                    <TextEquiv>
                        <Unicode>&amp;</Unicode>
                    </TextEquiv>
                </Word>
                <TextEquiv>
                    <Unicode>Stony Point will never be the same again. The children &amp;</Unicode>
                </TextEquiv>
            </TextLine>
            <TextLine id="tr_3_tl_10" custom="readingOrder {index:9;}">
                <Coords points="244,2235 2751,2222 2751,2145 2563,2138 244,2162"/>
                <Baseline points="262,2213 295,2213 340,2213 385,2213 430,2213 474,2213 519,2210 564,2210 609,2210 654,2210 698,2207 743,2207 788,2207 833,2207 878,2207 922,2207 967,2207 1012,2207 1057,2207 1102,2207 1146,2207 1191,2207 1236,2207 1281,2204 1326,2204 1370,2207 1415,2204 1460,2204 1505,2204 1550,2204 1594,2204 1639,2204 1684,2204 1729,2204 1774,2204 1818,2207 1863,2204 1908,2204 1953,2204 1998,2204 2042,2207 2087,2204 2132,2204 2177,2204 2222,2204 2266,2204 2311,2204 2356,2207 2401,2201 2446,2204 2490,2204 2535,2204 2580,2204 2625,2204 2670,2204 2714,2204 2759,2207"/>
                <Word id="tr_3_tl_10_w1" custom="readingOrder {index:0;}">
                    <Coords points="247,2170 247,2230 780,2230 780,2170"/>
                    <TextEquiv>
                        <Unicode>grandchildren</Unicode>
                    </TextEquiv>
                </Word>
                <Word id="tr_3_tl_10_w2" custom="readingOrder {index:1;}">
                    <Coords points="843,2167 843,2227 1070,2227 1070,2167"/>
                    <TextEquiv>
                        <Unicode>almost</Unicode>
                    </TextEquiv>
                </Word>
                <Word id="tr_3_tl_10_w3" custom="readingOrder {index:2;}">
                    <Coords points="1126,2166 1126,2226 1347,2226 1347,2166"/>
                    <TextEquiv>
                        <Unicode>filled</Unicode>
                    </TextEquiv>
                </Word>
                <Word id="tr_3_tl_10_w4" custom="readingOrder {index:3;}">
                    <Coords points="1410,2164 1410,2224 1514,2224 1514,2164"/>
                    <TextEquiv>
                        <Unicode>one</Unicode>
                    </TextEquiv>
                </Word>
                <Word id="tr_3_tl_10_w5" custom="readingOrder {index:4;}">
                    <Coords points="1576,2164 1576,2224 1715,2224 1715,2164"/>
                    <TextEquiv>
                        <Unicode>side</Unicode>
                    </TextEquiv>
                </Word>
                <Word id="tr_3_tl_10_w6" custom="readingOrder {index:5;}">
                    <Coords points="1777,2166 1777,2226 1846,2226 1846,2166"/>
                    <TextEquiv>
                        <Unicode>of</Unicode>
                    </TextEquiv>
                </Word>
                <Word id="tr_3_tl_10_w7" custom="readingOrder {index:6;}">
                    <Coords points="1901,2164 1901,2224 2006,2224 2006,2164"/>
                    <TextEquiv>
                        <Unicode>the</Unicode>
                    </TextEquiv>
                </Word>
                <Word id="tr_3_tl_10_w8" custom="readingOrder {index:7;}">
                    <Coords points="2068,2164 2068,2224 2358,2224 2358,2164"/>
                    <TextEquiv>
                        <Unicode>church.</Unicode>
                    </TextEquiv>
                </Word>
                <Word id="tr_3_tl_10_w9" custom="readingOrder {index:8;}">
                    <Coords points="2448,2164 2448,2224 2608,2224 2608,2164"/>
                    <TextEquiv>
                        <Unicode>None</Unicode>
                    </TextEquiv>
                </Word>
                <Word id="tr_3_tl_10_w10" custom="readingOrder {index:9;}">
                    <Coords points="2670,2164 2670,2224 2746,2224 2746,2164"/>
                    <TextEquiv>
                        <Unicode>of</Unicode>
                    </TextEquiv>
                </Word>
                <TextEquiv>
                    <Unicode>grandchildren almost filled one side of the church. None of</Unicode>
                </TextEquiv>
            </TextLine>
            <TextLine id="tr_3_tl_11" custom="readingOrder {index:10;}">
                <Coords points="241,2285 2751,2302 2654,2205 241,2232"/>
                <Baseline points="259,2281 295,2281 340,2281 385,2281 430,2281 474,2278 519,2278 564,2278 609,2275 654,2275 698,2275 743,2275 788,2272 833,2275 878,2272 922,2272 967,2272 1012,2272 1057,2272 1102,2272 1146,2272 1191,2272 1236,2272 1281,2272 1326,2272 1370,2272 1415,2272 1460,2272 1505,2272 1550,2269 1594,2269 1639,2266 1684,2266 1729,2269 1774,2269 1818,2272 1863,2272 1908,2272 1953,2272 1998,2272 2042,2272 2087,2275 2132,2272 2177,2272 2222,2272 2266,2269 2311,2272 2356,2272 2401,2272 2446,2269 2490,2272 2535,2269 2580,2269 2625,2269 2670,2269 2714,2272 2759,2269"/>
                <Word id="tr_3_tl_11_w1" custom="readingOrder {index:0;}">
                    <Coords points="245,2241 245,2301 612,2301 612,2241"/>
                    <TextEquiv>
                        <Unicode>Charlie's</Unicode>
                    </TextEquiv>
                </Word>
                <Word id="tr_3_tl_11_w2" custom="readingOrder {index:1;}">
                    <Coords points="668,2232 668,2292 901,2292 901,2232"/>
                    <TextEquiv>
                        <Unicode>family</Unicode>
                    </TextEquiv>
                </Word>
                <Word id="tr_3_tl_11_w3" custom="readingOrder {index:2;}">
                    <Coords points="958,2232 958,2292 1184,2292 1184,2232"/>
                    <TextEquiv>
                        <Unicode>except</Unicode>
                    </TextEquiv>
                </Word>
                <Word id="tr_3_tl_11_w4" custom="readingOrder {index:3;}">
                    <Coords points="1241,2232 1241,2292 1594,2292 1594,2232"/>
                    <TextEquiv>
                        <Unicode>Charlie--</Unicode>
                    </TextEquiv>
                </Word>
                <Word id="tr_3_tl_11_w5" custom="readingOrder {index:4;}">
                    <Coords points="1651,2228 1651,2288 1799,2288 1799,2228"/>
                    <TextEquiv>
                        <Unicode>very</Unicode>
                    </TextEquiv>
                </Word>
                <Word id="tr_3_tl_11_w6" custom="readingOrder {index:5;}">
                    <Coords points="1863,2232 1863,2292 2053,2292 2053,2232"/>
                    <TextEquiv>
                        <Unicode>thin.</Unicode>
                    </TextEquiv>
                </Word>
                <Word id="tr_3_tl_11_w7" custom="readingOrder {index:6;}">
                    <Coords points="2152,2232 2152,2292 2216,2292 2216,2232"/>
                    <TextEquiv>
                        <Unicode>He</Unicode>
                    </TextEquiv>
                </Word>
                <Word id="tr_3_tl_11_w8" custom="readingOrder {index:7;}">
                    <Coords points="2286,2231 2286,2291 2519,2291 2519,2231"/>
                    <TextEquiv>
                        <Unicode>walked</Unicode>
                    </TextEquiv>
                </Word>
                <Word id="tr_3_tl_11_w9" custom="readingOrder {index:8;}">
                    <Coords points="2584,2229 2584,2289 2739,2289 2739,2229"/>
                    <TextEquiv>
                        <Unicode>with</Unicode>
                    </TextEquiv>
                </Word>
                <TextEquiv>
                    <Unicode>Charlie's family except Charlie-- very thin. He walked with</Unicode>
                </TextEquiv>
            </TextLine>
            <TextLine id="tr_3_tl_12" custom="readingOrder {index:11;}">
                <Coords points="238,2369 2794,2366 2794,2279 238,2302"/>
                <Baseline points="256,2347 289,2350 334,2350 379,2350 424,2350 468,2347 513,2350 558,2344 603,2344 648,2344 692,2344 737,2341 782,2341 827,2341 872,2341 916,2341 961,2341 1006,2338 1051,2338 1096,2341 1140,2341 1185,2341 1230,2341 1275,2341 1320,2341 1364,2341 1409,2341 1454,2344 1499,2341 1544,2341 1588,2341 1633,2341 1678,2341 1723,2341 1768,2341 1812,2344 1857,2341 1902,2341 1947,2341 1992,2341 2036,2341 2081,2341 2126,2341 2171,2341 2216,2341 2260,2341 2305,2341 2350,2341 2395,2341 2440,2341 2484,2341 2529,2341 2574,2344 2619,2341 2664,2341 2708,2344 2753,2344 2798,2341"/>
                <Word id="tr_3_tl_12_w1" custom="readingOrder {index:0;}">
                    <Coords points="242,2310 242,2370 484,2370 484,2310"/>
                    <TextEquiv>
                        <Unicode>Billy.</Unicode>
                    </TextEquiv>
                </Word>
                <Word id="tr_3_tl_12_w2" custom="readingOrder {index:1;}">
                    <Coords points="579,2304 579,2364 646,2364 646,2304"/>
                    <TextEquiv>
                        <Unicode>He</Unicode>
                    </TextEquiv>
                </Word>
                <Word id="tr_3_tl_12_w3" custom="readingOrder {index:2;}">
                    <Coords points="711,2301 711,2361 939,2361 939,2301"/>
                    <TextEquiv>
                        <Unicode>looked</Unicode>
                    </TextEquiv>
                </Word>
                <Word id="tr_3_tl_12_w4" custom="readingOrder {index:3;}">
                    <Coords points="998,2298 998,2358 1064,2358 1064,2298"/>
                    <TextEquiv>
                        <Unicode>so</Unicode>
                    </TextEquiv>
                </Word>
                <Word id="tr_3_tl_12_w5" custom="readingOrder {index:4;}">
                    <Coords points="1122,2301 1122,2361 1438,2361 1438,2301"/>
                    <TextEquiv>
                        <Unicode>pitiful.</Unicode>
                    </TextEquiv>
                </Word>
                <Word id="tr_3_tl_12_w6" custom="readingOrder {index:5;}">
                    <Coords points="1526,2301 1526,2361 1629,2361 1629,2301"/>
                    <TextEquiv>
                        <Unicode>Jim</Unicode>
                    </TextEquiv>
                </Word>
                <Word id="tr_3_tl_12_w7" custom="readingOrder {index:6;}">
                    <Coords points="1694,2301 1694,2361 1805,2361 1805,2301"/>
                    <TextEquiv>
                        <Unicode>nor</Unicode>
                    </TextEquiv>
                </Word>
                <Word id="tr_3_tl_12_w8" custom="readingOrder {index:7;}">
                    <Coords points="1863,2301 1863,2361 1974,2361 1974,2301"/>
                    <TextEquiv>
                        <Unicode>any</Unicode>
                    </TextEquiv>
                </Word>
                <Word id="tr_3_tl_12_w9" custom="readingOrder {index:8;}">
                    <Coords points="2032,2301 2032,2361 2099,2361 2099,2301"/>
                    <TextEquiv>
                        <Unicode>of</Unicode>
                    </TextEquiv>
                </Word>
                <Word id="tr_3_tl_12_w10" custom="readingOrder {index:9;}">
                    <Coords points="2157,2301 2157,2361 2268,2361 2268,2301"/>
                    <TextEquiv>
                        <Unicode>her</Unicode>
                    </TextEquiv>
                </Word>
                <Word id="tr_3_tl_12_w11" custom="readingOrder {index:10;}">
                    <Coords points="2326,2301 2326,2361 2568,2361 2568,2301"/>
                    <TextEquiv>
                        <Unicode>family</Unicode>
                    </TextEquiv>
                </Word>
                <Word id="tr_3_tl_12_w12" custom="readingOrder {index:11;}">
                    <Coords points="2635,2304 2635,2364 2788,2364 2788,2304"/>
                    <TextEquiv>
                        <Unicode>were</Unicode>
                    </TextEquiv>
                </Word>
                <TextEquiv>
                    <Unicode>Billy. He looked so pitiful. Jim nor any of her family were</Unicode>
                </TextEquiv>
            </TextLine>
            <TextEquiv>
                <Unicode></Unicode>
            </TextEquiv>
        </TextRegion>
        <TextRegion id="tr_4" custom="readingOrder {index:4;}">
            <Coords points="256,2357 2897,2357 2897,2993 256,2993"/>
            <TextLine id="tr_4_tl_1" custom="readingOrder {index:0;}">
                <Coords points="248,2449 2724,2429 2593,2352 248,2359"/>
                <Baseline points="265,2419 310,2419 355,2419 400,2416 445,2416 489,2416 534,2416 579,2410 600,2413 645,2413 689,2410 734,2410 779,2407 824,2410 869,2410 913,2407 958,2407 1003,2407 1048,2407 1093,2410 1137,2410 1182,2413 1227,2407 1272,2407 1317,2407 1361,2407 1406,2407 1451,2407 1496,2410 1541,2407 1585,2410 1630,2410 1675,2410 1720,2410 1765,2410 1809,2410 1854,2410 1899,2410 1944,2413 1989,2410 2033,2413 2078,2410 2123,2413 2168,2413 2213,2413 2257,2413 2302,2413 2347,2413 2392,2413 2437,2413 2481,2413 2526,2413 2571,2413 2616,2410 2661,2410 2705,2413 2732,2416"/>
                <Word id="tr_4_tl_1_w1" custom="readingOrder {index:0;}">
                    <Coords points="245,2378 245,2438 492,2438 492,2378"/>
                    <TextEquiv>
                        <Unicode>there.</Unicode>
                    </TextEquiv>
                </Word>
                <Word id="tr_4_tl_1_w2" custom="readingOrder {index:1;}">
                    <Coords points="590,2373 590,2433 612,2433 612,2373"/>
                    <TextEquiv>
                        <Unicode>I</Unicode>
                    </TextEquiv>
                </Word>
                <Word id="tr_4_tl_1_w3" custom="readingOrder {index:2;}">
                    <Coords points="669,2368 669,2428 859,2428 859,2368"/>
                    <TextEquiv>
                        <Unicode>heard</Unicode>
                    </TextEquiv>
                </Word>
                <Word id="tr_4_tl_1_w4" custom="readingOrder {index:3;}">
                    <Coords points="923,2367 923,2427 1064,2427 1064,2367"/>
                    <TextEquiv>
                        <Unicode>when</Unicode>
                    </TextEquiv>
                </Word>
                <Word id="tr_4_tl_1_w5" custom="readingOrder {index:4;}">
                    <Coords points="1128,2370 1128,2430 1149,2430 1149,2370"/>
                    <TextEquiv>
                        <Unicode>I</Unicode>
                    </TextEquiv>
                </Word>
                <Word id="tr_4_tl_1_w6" custom="readingOrder {index:5;}">
                    <Coords points="1206,2367 1206,2427 1397,2427 1397,2367"/>
                    <TextEquiv>
                        <Unicode>first</Unicode>
                    </TextEquiv>
                </Word>
                <Word id="tr_4_tl_1_w7" custom="readingOrder {index:6;}">
                    <Coords points="1453,2368 1453,2428 1595,2428 1595,2368"/>
                    <TextEquiv>
                        <Unicode>came</Unicode>
                    </TextEquiv>
                </Word>
                <Word id="tr_4_tl_1_w8" custom="readingOrder {index:7;}">
                    <Coords points="1658,2370 1658,2430 1722,2430 1722,2370"/>
                    <TextEquiv>
                        <Unicode>up</Unicode>
                    </TextEquiv>
                </Word>
                <Word id="tr_4_tl_1_w9" custom="readingOrder {index:8;}">
                    <Coords points="1779,2370 1779,2430 1927,2430 1927,2370"/>
                    <TextEquiv>
                        <Unicode>here</Unicode>
                    </TextEquiv>
                </Word>
                <Word id="tr_4_tl_1_w10" custom="readingOrder {index:9;}">
                    <Coords points="1991,2370 1991,2430 2139,2430 2139,2370"/>
                    <TextEquiv>
                        <Unicode>that</Unicode>
                    </TextEquiv>
                </Word>
                <Word id="tr_4_tl_1_w11" custom="readingOrder {index:10;}">
                    <Coords points="2203,2373 2203,2433 2401,2433 2401,2373"/>
                    <TextEquiv>
                        <Unicode>Clint</Unicode>
                    </TextEquiv>
                </Word>
                <Word id="tr_4_tl_1_w12" custom="readingOrder {index:11;}">
                    <Coords points="2457,2373 2457,2433 2571,2433 2571,2373"/>
                    <TextEquiv>
                        <Unicode>was</Unicode>
                    </TextEquiv>
                </Word>
                <Word id="tr_4_tl_1_w13" custom="readingOrder {index:12;}">
                    <Coords points="2634,2370 2634,2430 2697,2430 2697,2370"/>
                    <TextEquiv>
                        <Unicode>in</Unicode>
                    </TextEquiv>
                </Word>
                <TextEquiv>
                    <Unicode>there. I heard when I first came up here that Clint was in</Unicode>
                </TextEquiv>
            </TextLine>
            <TextLine id="tr_4_tl_2" custom="readingOrder {index:1;}">
                <Coords points="244,2496 2767,2506 2767,2429 2449,2416 244,2453"/>
                <Baseline points="262,2487 283,2484 328,2484 373,2484 418,2484 462,2481 507,2481 552,2478 597,2478 642,2478 686,2475 731,2475 776,2475 821,2475 866,2475 910,2472 955,2472 1000,2472 1045,2472 1090,2475 1134,2472 1179,2475 1224,2475 1269,2472 1314,2472 1358,2472 1403,2472 1448,2472 1493,2475 1538,2475 1582,2475 1627,2472 1672,2475 1717,2475 1762,2478 1806,2478 1851,2478 1896,2478 1941,2478 1986,2478 2030,2478 2075,2478 2120,2478 2165,2478 2210,2478 2254,2481 2299,2481 2344,2481 2389,2481 2434,2484 2478,2481 2523,2487 2568,2484 2613,2481 2622,2484 2667,2484 2711,2484 2756,2484 2774,2487"/>
                <Word id="tr_4_tl_2_w1" custom="readingOrder {index:0;}">
                    <Coords points="249,2444 249,2504 394,2504 394,2444"/>
                    <TextEquiv>
                        <Unicode>some</Unicode>
                    </TextEquiv>
                </Word>
                <Word id="tr_4_tl_2_w2" custom="readingOrder {index:1;}">
                    <Coords points="463,2438 463,2498 732,2498 732,2438"/>
                    <TextEquiv>
                        <Unicode>trouble</Unicode>
                    </TextEquiv>
                </Word>
                <Word id="tr_4_tl_2_w3" custom="readingOrder {index:2;}">
                    <Coords points="794,2433 794,2493 986,2493 986,2433"/>
                    <TextEquiv>
                        <Unicode>about</Unicode>
                    </TextEquiv>
                </Word>
                <Word id="tr_4_tl_2_w4" custom="readingOrder {index:3;}">
                    <Coords points="1040,2434 1040,2494 1309,2494 1309,2434"/>
                    <TextEquiv>
                        <Unicode>selling</Unicode>
                    </TextEquiv>
                </Word>
                <Word id="tr_4_tl_2_w5" custom="readingOrder {index:4;}">
                    <Coords points="1362,2435 1362,2495 1639,2495 1639,2435"/>
                    <TextEquiv>
                        <Unicode>whiskey</Unicode>
                    </TextEquiv>
                </Word>
                <Word id="tr_4_tl_2_w6" custom="readingOrder {index:5;}">
                    <Coords points="1700,2435 1700,2495 1723,2495 1723,2435"/>
                    <TextEquiv>
                        <Unicode>&amp;</Unicode>
                    </TextEquiv>
                </Word>
                <Word id="tr_4_tl_2_w7" custom="readingOrder {index:6;}">
                    <Coords points="1777,2438 1777,2498 1931,2498 1931,2438"/>
                    <TextEquiv>
                        <Unicode>that</Unicode>
                    </TextEquiv>
                </Word>
                <Word id="tr_4_tl_2_w8" custom="readingOrder {index:7;}">
                    <Coords points="1985,2438 1985,2498 2092,2498 2092,2438"/>
                    <TextEquiv>
                        <Unicode>Jim</Unicode>
                    </TextEquiv>
                </Word>
                <Word id="tr_4_tl_2_w9" custom="readingOrder {index:8;}">
                    <Coords points="2154,2438 2154,2498 2261,2498 2261,2438"/>
                    <TextEquiv>
                        <Unicode>was</Unicode>
                    </TextEquiv>
                </Word>
                <Word id="tr_4_tl_2_w10" custom="readingOrder {index:9;}">
                    <Coords points="2330,2443 2330,2503 2530,2503 2530,2443"/>
                    <TextEquiv>
                        <Unicode>sick.</Unicode>
                    </TextEquiv>
                </Word>
                <Word id="tr_4_tl_2_w11" custom="readingOrder {index:10;}">
                    <Coords points="2630,2444 2630,2504 2745,2504 2745,2444"/>
                    <TextEquiv>
                        <Unicode>She</Unicode>
                    </TextEquiv>
                </Word>
                <TextEquiv>
                    <Unicode>some trouble about selling whiskey &amp; that Jim was sick. She</Unicode>
                </TextEquiv>
            </TextLine>
            <TextLine id="tr_4_tl_3" custom="readingOrder {index:2;}">
                <Coords points="238,2573 2804,2580 2804,2493 238,2516"/>
                <Baseline points="256,2556 301,2556 346,2556 391,2553 436,2550 480,2550 525,2550 570,2547 615,2547 660,2544 704,2544 749,2544 794,2544 839,2541 884,2544 928,2541 973,2541 1018,2544 1063,2544 1108,2541 1152,2541 1197,2541 1242,2541 1287,2544 1332,2541 1376,2541 1421,2541 1466,2541 1511,2544 1556,2544 1600,2544 1645,2544 1690,2547 1735,2547 1780,2547 1824,2547 1869,2547 1914,2544 1959,2547 2004,2550 2048,2550 2093,2550 2138,2547 2183,2550 2228,2550 2272,2550 2317,2550 2362,2550 2407,2553 2452,2553 2496,2553 2541,2553 2586,2550 2631,2550 2676,2553 2720,2556 2765,2559 2810,2559 2813,2559"/>
                <Word id="tr_4_tl_3_w1" custom="readingOrder {index:0;}">
                    <Coords points="242,2516 242,2576 436,2576 436,2516"/>
                    <TextEquiv>
                        <Unicode>didnt</Unicode>
                    </TextEquiv>
                </Word>
                <Word id="tr_4_tl_3_w2" custom="readingOrder {index:1;}">
                    <Coords points="502,2507 502,2567 652,2567 652,2507"/>
                    <TextEquiv>
                        <Unicode>come</Unicode>
                    </TextEquiv>
                </Word>
                <Word id="tr_4_tl_3_w3" custom="readingOrder {index:2;}">
                    <Coords points="711,2504 711,2564 771,2564 771,2504"/>
                    <TextEquiv>
                        <Unicode>to</Unicode>
                    </TextEquiv>
                </Word>
                <Word id="tr_4_tl_3_w4" custom="readingOrder {index:3;}">
                    <Coords points="830,2502 830,2562 980,2562 980,2502"/>
                    <TextEquiv>
                        <Unicode>Aunt</Unicode>
                    </TextEquiv>
                </Word>
                <Word id="tr_4_tl_3_w5" custom="readingOrder {index:4;}">
                    <Coords points="1039,2501 1039,2561 1263,2561 1263,2501"/>
                    <TextEquiv>
                        <Unicode>Sallie</Unicode>
                    </TextEquiv>
                </Word>
                <Word id="tr_4_tl_3_w6" custom="readingOrder {index:5;}">
                    <Coords points="1323,2501 1323,2561 1345,2561 1345,2501"/>
                    <TextEquiv>
                        <Unicode>s</Unicode>
                    </TextEquiv>
                </Word>
                <Word id="tr_4_tl_3_w7" custom="readingOrder {index:6;}">
                    <Coords points="1404,2504 1404,2564 1717,2564 1717,2504"/>
                    <TextEquiv>
                        <Unicode>funeral.</Unicode>
                    </TextEquiv>
                </Word>
                <Word id="tr_4_tl_3_w8" custom="readingOrder {index:7;}">
                    <Coords points="1814,2507 1814,2567 1845,2567 1845,2507"/>
                    <TextEquiv>
                        <Unicode>I</Unicode>
                    </TextEquiv>
                </Word>
                <Word id="tr_4_tl_3_w9" custom="readingOrder {index:8;}">
                    <Coords points="1904,2510 1904,2570 2180,2570 2180,2510"/>
                    <TextEquiv>
                        <Unicode>suppose</Unicode>
                    </TextEquiv>
                </Word>
                <Word id="tr_4_tl_3_w10" custom="readingOrder {index:9;}">
                    <Coords points="2239,2510 2239,2570 2396,2570 2396,2510"/>
                    <TextEquiv>
                        <Unicode>they</Unicode>
                    </TextEquiv>
                </Word>
                <Word id="tr_4_tl_3_w11" custom="readingOrder {index:10;}">
                    <Coords points="2455,2513 2455,2573 2567,2573 2567,2513"/>
                    <TextEquiv>
                        <Unicode>are</Unicode>
                    </TextEquiv>
                </Word>
                <Word id="tr_4_tl_3_w12" custom="readingOrder {index:11;}">
                    <Coords points="2634,2515 2634,2575 2790,2575 2790,2515"/>
                    <TextEquiv>
                        <Unicode>poor</Unicode>
                    </TextEquiv>
                </Word>
                <TextEquiv>
                    <Unicode>didnt come to Aunt Sallie s funeral. I suppose they are poor</Unicode>
                </TextEquiv>
            </TextLine>
            <TextLine id="tr_4_tl_4" custom="readingOrder {index:3;}">
                <Coords points="248,2637 2670,2640 2242,2553 248,2583"/>
                <Baseline points="265,2625 310,2625 355,2622 400,2622 445,2619 489,2619 534,2616 579,2616 624,2613 669,2613 713,2610 758,2610 803,2610 848,2607 893,2607 937,2607 982,2607 1027,2607 1072,2607 1117,2610 1161,2607 1206,2610 1251,2607 1296,2607 1341,2610 1385,2607 1430,2607 1475,2610 1520,2610 1565,2610 1609,2613 1654,2616 1699,2613 1744,2613 1789,2613 1833,2613 1878,2616 1923,2616 1968,2616 2013,2616 2057,2616 2102,2619 2147,2616 2192,2616 2237,2619 2281,2619 2326,2619 2371,2622 2416,2625 2461,2625 2505,2625 2550,2622 2595,2622 2640,2625 2679,2631"/>
                <Word id="tr_4_tl_4_w1" custom="readingOrder {index:0;}">
                    <Coords points="253,2585 253,2645 268,2645 268,2585"/>
                    <TextEquiv>
                        <Unicode>g</Unicode>
                    </TextEquiv>
                </Word>
                <Word id="tr_4_tl_4_w2" custom="readingOrder {index:1;}">
                    <Coords points="328,2582 328,2642 396,2642 396,2582"/>
                    <TextEquiv>
                        <Unicode>it</Unicode>
                    </TextEquiv>
                </Word>
                <Word id="tr_4_tl_4_w3" custom="readingOrder {index:2;}">
                    <Coords points="457,2577 457,2637 571,2637 571,2577"/>
                    <TextEquiv>
                        <Unicode>may</Unicode>
                    </TextEquiv>
                </Word>
                <Word id="tr_4_tl_4_w4" custom="readingOrder {index:3;}">
                    <Coords points="631,2573 631,2633 692,2633 692,2573"/>
                    <TextEquiv>
                        <Unicode>be</Unicode>
                    </TextEquiv>
                </Word>
                <Word id="tr_4_tl_4_w5" custom="readingOrder {index:4;}">
                    <Coords points="753,2569 753,2629 859,2629 859,2569"/>
                    <TextEquiv>
                        <Unicode>the</Unicode>
                    </TextEquiv>
                </Word>
                <Word id="tr_4_tl_4_w6" custom="readingOrder {index:5;}">
                    <Coords points="920,2567 920,2627 1072,2627 1072,2567"/>
                    <TextEquiv>
                        <Unicode>boys</Unicode>
                    </TextEquiv>
                </Word>
                <Word id="tr_4_tl_4_w7" custom="readingOrder {index:6;}">
                    <Coords points="1124,2568 1124,2628 1230,2628 1230,2568"/>
                    <TextEquiv>
                        <Unicode>are</Unicode>
                    </TextEquiv>
                </Word>
                <Word id="tr_4_tl_4_w8" custom="readingOrder {index:7;}">
                    <Coords points="1284,2568 1284,2628 1352,2628 1352,2568"/>
                    <TextEquiv>
                        <Unicode>at</Unicode>
                    </TextEquiv>
                </Word>
                <Word id="tr_4_tl_4_w9" custom="readingOrder {index:8;}">
                    <Coords points="1405,2570 1405,2630 1602,2630 1602,2570"/>
                    <TextEquiv>
                        <Unicode>work.</Unicode>
                    </TextEquiv>
                </Word>
                <Word id="tr_4_tl_4_w10" custom="readingOrder {index:9;}">
                    <Coords points="1693,2573 1693,2633 1891,2633 1891,2573"/>
                    <TextEquiv>
                        <Unicode>Frank</Unicode>
                    </TextEquiv>
                </Word>
                <Word id="tr_4_tl_4_w11" custom="readingOrder {index:10;}">
                    <Coords points="1944,2576 1944,2636 2141,2636 2141,2576"/>
                    <TextEquiv>
                        <Unicode>hired</Unicode>
                    </TextEquiv>
                </Word>
                <Word id="tr_4_tl_4_w12" custom="readingOrder {index:11;}">
                    <Coords points="2201,2577 2201,2637 2224,2637 2224,2577"/>
                    <TextEquiv>
                        <Unicode>a</Unicode>
                    </TextEquiv>
                </Word>
                <Word id="tr_4_tl_4_w13" custom="readingOrder {index:12;}">
                    <Coords points="2285,2585 2285,2645 2671,2645 2671,2585"/>
                    <TextEquiv>
                        <Unicode>carriage.</Unicode>
                    </TextEquiv>
                </Word>
                <TextEquiv>
                    <Unicode>g it may be the boys are at work. Frank hired a carriage.</Unicode>
                </TextEquiv>
            </TextLine>
            <TextLine id="tr_4_tl_5" custom="readingOrder {index:4;}">
                <Coords points="244,2710 2724,2714 2724,2633 244,2650"/>
                <Baseline points="262,2696 307,2693 352,2693 397,2690 442,2688 486,2688 531,2685 576,2682 621,2682 666,2679 710,2679 755,2679 800,2679 845,2676 890,2679 934,2676 979,2676 1024,2676 1069,2679 1114,2679 1158,2676 1203,2676 1248,2676 1293,2676 1338,2676 1382,2679 1427,2679 1472,2679 1517,2679 1562,2679 1606,2682 1651,2682 1696,2682 1741,2682 1786,2682 1830,2682 1875,2685 1920,2688 1965,2685 2010,2688 2054,2688 2099,2688 2144,2688 2189,2685 2234,2688 2278,2688 2323,2688 2368,2690 2413,2690 2458,2690 2502,2693 2547,2690 2592,2693 2637,2693 2682,2693 2726,2696 2732,2699"/>
                <Word id="tr_4_tl_5_w1" custom="readingOrder {index:0;}">
                    <Coords points="250,2653 250,2713 354,2713 354,2653"/>
                    <TextEquiv>
                        <Unicode>Bob</Unicode>
                    </TextEquiv>
                </Word>
                <Word id="tr_4_tl_5_w2" custom="readingOrder {index:1;}">
                    <Coords points="418,2642 418,2702 781,2702 781,2642"/>
                    <TextEquiv>
                        <Unicode>Armstrong</Unicode>
                    </TextEquiv>
                </Word>
                <Word id="tr_4_tl_5_w3" custom="readingOrder {index:2;}">
                    <Coords points="838,2636 838,2696 862,2696 862,2636"/>
                    <TextEquiv>
                        <Unicode>&amp;</Unicode>
                    </TextEquiv>
                </Word>
                <Word id="tr_4_tl_5_w4" custom="readingOrder {index:3;}">
                    <Coords points="918,2636 918,2696 1072,2696 1072,2636"/>
                    <TextEquiv>
                        <Unicode>Mary</Unicode>
                    </TextEquiv>
                </Word>
                <Word id="tr_4_tl_5_w5" custom="readingOrder {index:4;}">
                    <Coords points="1128,2636 1128,2696 1265,2696 1265,2636"/>
                    <TextEquiv>
                        <Unicode>rode</Unicode>
                    </TextEquiv>
                </Word>
                <Word id="tr_4_tl_5_w6" custom="readingOrder {index:5;}">
                    <Coords points="1330,2637 1330,2697 1386,2697 1386,2637"/>
                    <TextEquiv>
                        <Unicode>in</Unicode>
                    </TextEquiv>
                </Word>
                <Word id="tr_4_tl_5_w7" custom="readingOrder {index:6;}">
                    <Coords points="1451,2639 1451,2699 1636,2699 1636,2639"/>
                    <TextEquiv>
                        <Unicode>Sam's</Unicode>
                    </TextEquiv>
                </Word>
                <Word id="tr_4_tl_5_w8" custom="readingOrder {index:7;}">
                    <Coords points="1693,2642 1693,2702 1886,2702 1886,2642"/>
                    <TextEquiv>
                        <Unicode>buggy</Unicode>
                    </TextEquiv>
                </Word>
                <Word id="tr_4_tl_5_w9" custom="readingOrder {index:8;}">
                    <Coords points="1950,2645 1950,2705 1975,2705 1975,2645"/>
                    <TextEquiv>
                        <Unicode>&amp;</Unicode>
                    </TextEquiv>
                </Word>
                <Word id="tr_4_tl_5_w10" custom="readingOrder {index:9;}">
                    <Coords points="2032,2648 2032,2708 2177,2708 2177,2648"/>
                    <TextEquiv>
                        <Unicode>Sara</Unicode>
                    </TextEquiv>
                </Word>
                <Word id="tr_4_tl_5_w11" custom="readingOrder {index:10;}">
                    <Coords points="2241,2648 2241,2708 2403,2708 2403,2648"/>
                    <TextEquiv>
                        <Unicode>went</Unicode>
                    </TextEquiv>
                </Word>
                <Word id="tr_4_tl_5_w12" custom="readingOrder {index:11;}">
                    <Coords points="2459,2652 2459,2712 2523,2712 2523,2652"/>
                    <TextEquiv>
                        <Unicode>in</Unicode>
                    </TextEquiv>
                </Word>
                <Word id="tr_4_tl_5_w13" custom="readingOrder {index:12;}">
                    <Coords points="2588,2653 2588,2713 2700,2713 2700,2653"/>
                    <TextEquiv>
                        <Unicode>the</Unicode>
                    </TextEquiv>
                </Word>
                <TextEquiv>
                    <Unicode>Bob Armstrong &amp; Mary rode in Sam's buggy &amp; Sara went in the</Unicode>
                </TextEquiv>
            </TextLine>
            <TextLine id="tr_4_tl_6" custom="readingOrder {index:5;}">
                <Coords points="241,2771 2864,2794 2844,2697 241,2707"/>
                <Baseline points="259,2762 304,2762 349,2762 394,2759 439,2759 483,2756 528,2753 573,2750 618,2747 663,2747 707,2744 752,2744 797,2744 842,2744 887,2741 931,2741 976,2741 1021,2741 1066,2744 1111,2744 1155,2744 1200,2744 1245,2747 1290,2744 1335,2744 1379,2744 1424,2744 1469,2747 1514,2747 1559,2747 1603,2747 1648,2747 1693,2750 1738,2750 1783,2750 1827,2750 1872,2753 1917,2753 1962,2753 2007,2756 2051,2756 2096,2756 2141,2756 2186,2759 2231,2756 2275,2759 2320,2759 2365,2762 2410,2762 2455,2765 2499,2765 2544,2765 2589,2768 2634,2768 2679,2771 2723,2771 2768,2771 2813,2771 2858,2774 2870,2774"/>
                <Word id="tr_4_tl_6_w1" custom="readingOrder {index:0;}">
                    <Coords points="248,2719 248,2779 574,2779 574,2719"/>
                    <TextEquiv>
                        <Unicode>garriage</Unicode>
                    </TextEquiv>
                </Word>
                <Word id="tr_4_tl_6_w2" custom="readingOrder {index:1;}">
                    <Coords points="637,2704 637,2764 778,2764 778,2704"/>
                    <TextEquiv>
                        <Unicode>with</Unicode>
                    </TextEquiv>
                </Word>
                <Word id="tr_4_tl_6_w3" custom="readingOrder {index:2;}">
                    <Coords points="840,2702 840,2762 902,2762 902,2702"/>
                    <TextEquiv>
                        <Unicode>De</Unicode>
                    </TextEquiv>
                </Word>
                <Word id="tr_4_tl_6_w4" custom="readingOrder {index:3;}">
                    <Coords points="963,2704 963,2764 1238,2764 1238,2704"/>
                    <TextEquiv>
                        <Unicode>Miller.</Unicode>
                    </TextEquiv>
                </Word>
                <Word id="tr_4_tl_6_w5" custom="readingOrder {index:4;}">
                    <Coords points="1326,2704 1326,2764 1432,2764 1432,2704"/>
                    <TextEquiv>
                        <Unicode>Sam</Unicode>
                    </TextEquiv>
                </Word>
                <Word id="tr_4_tl_6_w6" custom="readingOrder {index:5;}">
                    <Coords points="1494,2707 1494,2767 1723,2767 1723,2707"/>
                    <TextEquiv>
                        <Unicode>looked</Unicode>
                    </TextEquiv>
                </Word>
                <Word id="tr_4_tl_6_w7" custom="readingOrder {index:6;}">
                    <Coords points="1786,2710 1786,2770 1847,2770 1847,2710"/>
                    <TextEquiv>
                        <Unicode>so</Unicode>
                    </TextEquiv>
                </Word>
                <Word id="tr_4_tl_6_w8" custom="readingOrder {index:7;}">
                    <Coords points="1909,2713 1909,2773 2016,2773 2016,2713"/>
                    <TextEquiv>
                        <Unicode>bad</Unicode>
                    </TextEquiv>
                </Word>
                <Word id="tr_4_tl_6_w9" custom="readingOrder {index:8;}">
                    <Coords points="2077,2716 2077,2776 2103,2776 2103,2716"/>
                    <TextEquiv>
                        <Unicode>&amp;</Unicode>
                    </TextEquiv>
                </Word>
                <Word id="tr_4_tl_6_w10" custom="readingOrder {index:9;}">
                    <Coords points="2166,2716 2166,2776 2272,2776 2272,2716"/>
                    <TextEquiv>
                        <Unicode>the</Unicode>
                    </TextEquiv>
                </Word>
                <Word id="tr_4_tl_6_w11" custom="readingOrder {index:10;}">
                    <Coords points="2334,2728 2334,2788 2846,2788 2846,2728"/>
                    <TextEquiv>
                        <Unicode>perspiration</Unicode>
                    </TextEquiv>
                </Word>
                <TextEquiv>
                    <Unicode>garriage with De Miller. Sam looked so bad &amp; the perspiration</Unicode>
                </TextEquiv>
            </TextLine>
            <TextLine id="tr_4_tl_7" custom="readingOrder {index:6;}">
                <Coords points="244,2854 2888,2871 2888,2784 2687,2774 244,2781"/>
                <Baseline points="262,2831 307,2831 352,2828 397,2825 442,2825 486,2822 531,2822 576,2819 621,2816 666,2816 710,2813 755,2813 800,2813 845,2810 890,2810 934,2810 979,2807 1024,2807 1069,2810 1114,2810 1158,2810 1203,2810 1248,2810 1293,2810 1338,2810 1382,2810 1427,2813 1472,2813 1517,2813 1562,2813 1606,2813 1651,2813 1696,2816 1741,2816 1786,2816 1830,2819 1875,2819 1920,2822 1965,2822 2010,2822 2054,2825 2099,2822 2144,2825 2189,2825 2234,2828 2278,2828 2323,2828 2368,2831 2413,2831 2458,2831 2502,2831 2547,2834 2592,2834 2637,2837 2682,2840 2726,2843 2771,2843 2816,2846 2861,2849 2897,2852"/>
                <Word id="tr_4_tl_7_w1" custom="readingOrder {index:0;}">
                    <Coords points="252,2791 252,2851 362,2851 362,2791"/>
                    <TextEquiv>
                        <Unicode>mas</Unicode>
                    </TextEquiv>
                </Word>
                <Word id="tr_4_tl_7_w2" custom="readingOrder {index:1;}">
                    <Coords points="426,2782 426,2842 573,2842 573,2782"/>
                    <TextEquiv>
                        <Unicode>just</Unicode>
                    </TextEquiv>
                </Word>
                <Word id="tr_4_tl_7_w3" custom="readingOrder {index:2;}">
                    <Coords points="637,2773 637,2833 913,2833 913,2773"/>
                    <TextEquiv>
                        <Unicode>pouring</Unicode>
                    </TextEquiv>
                </Word>
                <Word id="tr_4_tl_7_w4" custom="readingOrder {index:3;}">
                    <Coords points="968,2767 968,2827 1078,2827 1078,2767"/>
                    <TextEquiv>
                        <Unicode>off</Unicode>
                    </TextEquiv>
                </Word>
                <Word id="tr_4_tl_7_w5" custom="readingOrder {index:4;}">
                    <Coords points="1125,2770 1125,2830 1198,2830 1198,2770"/>
                    <TextEquiv>
                        <Unicode>of</Unicode>
                    </TextEquiv>
                </Word>
                <Word id="tr_4_tl_7_w6" custom="readingOrder {index:5;}">
                    <Coords points="1244,2770 1244,2830 1399,2830 1399,2770"/>
                    <TextEquiv>
                        <Unicode>him.</Unicode>
                    </TextEquiv>
                </Word>
                <Word id="tr_4_tl_7_w7" custom="readingOrder {index:6;}">
                    <Coords points="1492,2773 1492,2833 1556,2833 1556,2773"/>
                    <TextEquiv>
                        <Unicode>He</Unicode>
                    </TextEquiv>
                </Word>
                <Word id="tr_4_tl_7_w8" custom="readingOrder {index:7;}">
                    <Coords points="1611,2774 1611,2834 1731,2834 1731,2774"/>
                    <TextEquiv>
                        <Unicode>got</Unicode>
                    </TextEquiv>
                </Word>
                <Word id="tr_4_tl_7_w9" custom="readingOrder {index:8;}">
                    <Coords points="1786,2779 1786,2839 1932,2839 1932,2779"/>
                    <TextEquiv>
                        <Unicode>into</Unicode>
                    </TextEquiv>
                </Word>
                <Word id="tr_4_tl_7_w10" custom="readingOrder {index:9;}">
                    <Coords points="1987,2784 1987,2844 2098,2844 2098,2784"/>
                    <TextEquiv>
                        <Unicode>the</Unicode>
                    </TextEquiv>
                </Word>
                <Word id="tr_4_tl_7_w11" custom="readingOrder {index:10;}">
                    <Coords points="2162,2788 2162,2848 2355,2848 2355,2788"/>
                    <TextEquiv>
                        <Unicode>Burem</Unicode>
                    </TextEquiv>
                </Word>
                <Word id="tr_4_tl_7_w12" custom="readingOrder {index:11;}">
                    <Coords points="2419,2792 2419,2852 2622,2852 2622,2792"/>
                    <TextEquiv>
                        <Unicode>boy's</Unicode>
                    </TextEquiv>
                </Word>
                <Word id="tr_4_tl_7_w13" custom="readingOrder {index:12;}">
                    <Coords points="2677,2803 2677,2863 2887,2863 2887,2803"/>
                    <TextEquiv>
                        <Unicode>buggy</Unicode>
                    </TextEquiv>
                </Word>
                <TextEquiv>
                    <Unicode>mas just pouring off of him. He got into the Burem boy's buggy</Unicode>
                </TextEquiv>
            </TextLine>
            <TextLine id="tr_4_tl_8" custom="readingOrder {index:7;}">
                <Coords points="248,2915 2861,2935 2664,2841 248,2858"/>
                <Baseline points="265,2900 310,2897 355,2897 400,2894 445,2891 489,2888 534,2885 579,2885 624,2885 669,2885 713,2882 758,2882 803,2879 848,2879 893,2879 937,2876 982,2879 1027,2879 1072,2876 1117,2876 1161,2879 1206,2879 1251,2879 1296,2879 1341,2879 1385,2879 1430,2879 1475,2879 1520,2882 1565,2882 1609,2882 1654,2885 1699,2885 1744,2885 1789,2888 1833,2888 1878,2891 1923,2891 1968,2891 2013,2894 2057,2894 2102,2894 2147,2897 2192,2897 2237,2900 2281,2900 2326,2900 2371,2900 2416,2903 2461,2903 2505,2906 2550,2906 2595,2906 2640,2909 2685,2912 2729,2912 2774,2914 2819,2914 2864,2917 2870,2917"/>
                <Word id="tr_4_tl_8_w1" custom="readingOrder {index:0;}">
                    <Coords points="257,2859 257,2919 276,2919 276,2859"/>
                    <TextEquiv>
                        <Unicode>e</Unicode>
                    </TextEquiv>
                </Word>
                <Word id="tr_4_tl_8_w2" custom="readingOrder {index:1;}">
                    <Coords points="333,2853 333,2913 496,2913 496,2853"/>
                    <TextEquiv>
                        <Unicode>rode</Unicode>
                    </TextEquiv>
                </Word>
                <Word id="tr_4_tl_8_w3" custom="readingOrder {index:2;}">
                    <Coords points="553,2845 553,2905 706,2905 706,2845"/>
                    <TextEquiv>
                        <Unicode>part</Unicode>
                    </TextEquiv>
                </Word>
                <Word id="tr_4_tl_8_w4" custom="readingOrder {index:3;}">
                    <Coords points="754,2839 754,2899 831,2899 831,2839"/>
                    <TextEquiv>
                        <Unicode>of</Unicode>
                    </TextEquiv>
                </Word>
                <Word id="tr_4_tl_8_w5" custom="readingOrder {index:4;}">
                    <Coords points="888,2836 888,2896 994,2896 994,2836"/>
                    <TextEquiv>
                        <Unicode>the</Unicode>
                    </TextEquiv>
                </Word>
                <Word id="tr_4_tl_8_w6" custom="readingOrder {index:5;}">
                    <Coords points="1051,2836 1051,2896 1204,2896 1204,2836"/>
                    <TextEquiv>
                        <Unicode>way.</Unicode>
                    </TextEquiv>
                </Word>
                <Word id="tr_4_tl_8_w7" custom="readingOrder {index:6;}">
                    <Coords points="1290,2839 1290,2899 1395,2899 1395,2839"/>
                    <TextEquiv>
                        <Unicode>The</Unicode>
                    </TextEquiv>
                </Word>
                <Word id="tr_4_tl_8_w8" custom="readingOrder {index:7;}">
                    <Coords points="1453,2844 1453,2904 1845,2904 1845,2844"/>
                    <TextEquiv>
                        <Unicode>procession</Unicode>
                    </TextEquiv>
                </Word>
                <Word id="tr_4_tl_8_w9" custom="readingOrder {index:8;}">
                    <Coords points="1913,2854 1913,2914 2191,2914 2191,2854"/>
                    <TextEquiv>
                        <Unicode>reached</Unicode>
                    </TextEquiv>
                </Word>
                <Word id="tr_4_tl_8_w10" custom="readingOrder {index:9;}">
                    <Coords points="2248,2860 2248,2920 2401,2920 2401,2860"/>
                    <TextEquiv>
                        <Unicode>from</Unicode>
                    </TextEquiv>
                </Word>
                <Word id="tr_4_tl_8_w11" custom="readingOrder {index:10;}">
                    <Coords points="2468,2866 2468,2926 2582,2926 2582,2866"/>
                    <TextEquiv>
                        <Unicode>the</Unicode>
                    </TextEquiv>
                </Word>
                <Word id="tr_4_tl_8_w12" custom="readingOrder {index:11;}">
                    <Coords points="2641,2872 2641,2932 2850,2932 2850,2872"/>
                    <TextEquiv>
                        <Unicode>house</Unicode>
                    </TextEquiv>
                </Word>
                <TextEquiv>
                    <Unicode>e rode part of the way. The procession reached from the house</Unicode>
                </TextEquiv>
            </TextLine>
            <TextLine id="tr_4_tl_9" custom="readingOrder {index:8;}">
                <Coords points="248,2995 2737,3002 2737,2921 2449,2905 248,2925"/>
                <Baseline points="265,2968 310,2968 355,2965 400,2962 445,2959 489,2956 534,2956 579,2953 624,2953 669,2950 713,2947 758,2947 803,2947 848,2947 893,2944 937,2947 982,2944 1027,2944 1072,2944 1117,2944 1161,2944 1206,2944 1251,2944 1296,2944 1341,2944 1385,2947 1430,2947 1475,2950 1520,2947 1565,2950 1609,2950 1654,2950 1699,2953 1744,2953 1789,2956 1833,2956 1878,2959 1923,2962 1968,2962 2013,2962 2057,2962 2102,2965 2147,2965 2192,2965 2237,2968 2281,2968 2326,2968 2371,2971 2416,2971 2461,2974 2505,2974 2550,2977 2595,2977 2640,2980 2685,2980 2729,2983 2741,2983"/>
                <Word id="tr_4_tl_9_w1" custom="readingOrder {index:0;}">
                    <Coords points="257,2928 257,2988 324,2988 324,2928"/>
                    <TextEquiv>
                        <Unicode>ta</Unicode>
                    </TextEquiv>
                </Word>
                <Word id="tr_4_tl_9_w2" custom="readingOrder {index:1;}">
                    <Coords points="373,2919 373,2979 490,2979 490,2919"/>
                    <TextEquiv>
                        <Unicode>the</Unicode>
                    </TextEquiv>
                </Word>
                <Word id="tr_4_tl_9_w3" custom="readingOrder {index:2;}">
                    <Coords points="548,2908 548,2968 830,2968 830,2908"/>
                    <TextEquiv>
                        <Unicode>church.</Unicode>
                    </TextEquiv>
                </Word>
                <Word id="tr_4_tl_9_w4" custom="readingOrder {index:3;}">
                    <Coords points="917,2904 917,2964 1073,2964 1073,2904"/>
                    <TextEquiv>
                        <Unicode>This</Unicode>
                    </TextEquiv>
                </Word>
                <Word id="tr_4_tl_9_w5" custom="readingOrder {index:4;}">
                    <Coords points="1131,2904 1131,2964 1404,2964 1404,2904"/>
                    <TextEquiv>
                        <Unicode>country</Unicode>
                    </TextEquiv>
                </Word>
                <Word id="tr_4_tl_9_w6" custom="readingOrder {index:5;}">
                    <Coords points="1452,2907 1452,2967 1608,2967 1608,2907"/>
                    <TextEquiv>
                        <Unicode>will</Unicode>
                    </TextEquiv>
                </Word>
                <Word id="tr_4_tl_9_w7" custom="readingOrder {index:6;}">
                    <Coords points="1656,2915 1656,2975 1900,2975 1900,2915"/>
                    <TextEquiv>
                        <Unicode>surely</Unicode>
                    </TextEquiv>
                </Word>
                <Word id="tr_4_tl_9_w8" custom="readingOrder {index:7;}">
                    <Coords points="1958,2922 1958,2982 2104,2982 2104,2922"/>
                    <TextEquiv>
                        <Unicode>miss</Unicode>
                    </TextEquiv>
                </Word>
                <Word id="tr_4_tl_9_w9" custom="readingOrder {index:8;}">
                    <Coords points="2172,2928 2172,2988 2366,2988 2366,2928"/>
                    <TextEquiv>
                        <Unicode>those</Unicode>
                    </TextEquiv>
                </Word>
                <Word id="tr_4_tl_9_w10" custom="readingOrder {index:9;}">
                    <Coords points="2425,2934 2425,2994 2541,2994 2541,2934"/>
                    <TextEquiv>
                        <Unicode>two</Unicode>
                    </TextEquiv>
                </Word>
                <Word id="tr_4_tl_9_w11" custom="readingOrder {index:10;}">
                    <Coords points="2600,2940 2600,3000 2716,3000 2716,2940"/>
                    <TextEquiv>
                        <Unicode>old</Unicode>
                    </TextEquiv>
                </Word>
                <TextEquiv>
                    <Unicode>ta the church. This country will surely miss those two old</Unicode>
                </TextEquiv>
            </TextLine>
            <TextEquiv>
                <Unicode></Unicode>
            </TextEquiv>
        </TextRegion>
        <TextRegion id="tr_1" custom="readingOrder {index:5;}">
            <Coords points="265,2960 2885,2960 2885,3883 265,3883"/>
            <TextLine id="tr_1_tl_1" custom="readingOrder {index:0;}">
                <Coords points="248,3069 2858,3079 2787,2978 248,3005"/>
                <Baseline points="265,3046 310,3037 355,3034 400,3031 445,3028 489,3025 534,3025 579,3025 624,3016 669,3019 713,3016 758,3013 803,3010 848,3010 893,3010 937,3010 982,3010 1027,3010 1072,3010 1117,3010 1161,3010 1206,3010 1251,3013 1296,3013 1341,3013 1385,3013 1430,3016 1475,3016 1520,3016 1565,3016 1609,3019 1654,3019 1699,3022 1744,3022 1789,3022 1833,3025 1878,3028 1923,3028 1968,3028 2013,3031 2057,3031 2102,3031 2147,3034 2192,3037 2237,3037 2281,3037 2326,3040 2371,3043 2416,3043 2461,3046 2505,3046 2550,3046 2595,3049 2640,3052 2685,3052 2729,3055 2774,3055 2819,3061 2861,3061"/>
                <Word id="tr_1_tl_1_w1" custom="readingOrder {index:0;}">
                    <Coords points="260,2990 260,3050 545,3050 545,2990"/>
                    <TextEquiv>
                        <Unicode>moople.</Unicode>
                    </TextEquiv>
                </Word>
                <Word id="tr_1_tl_1_w2" custom="readingOrder {index:1;}">
                    <Coords points="638,2975 638,3035 797,3035 797,2975"/>
                    <TextEquiv>
                        <Unicode>They</Unicode>
                    </TextEquiv>
                </Word>
                <Word id="tr_1_tl_1_w3" custom="readingOrder {index:2;}">
                    <Coords points="843,2970 843,3030 1083,3030 1083,2970"/>
                    <TextEquiv>
                        <Unicode>havent</Unicode>
                    </TextEquiv>
                </Word>
                <Word id="tr_1_tl_1_w4" custom="readingOrder {index:3;}">
                    <Coords points="1129,2970 1129,3030 1243,3030 1243,2970"/>
                    <TextEquiv>
                        <Unicode>any</Unicode>
                    </TextEquiv>
                </Word>
                <Word id="tr_1_tl_1_w5" custom="readingOrder {index:4;}">
                    <Coords points="1288,2976 1288,3036 1609,3036 1609,2976"/>
                    <TextEquiv>
                        <Unicode>children</Unicode>
                    </TextEquiv>
                </Word>
                <Word id="tr_1_tl_1_w6" custom="readingOrder {index:5;}">
                    <Coords points="1666,2982 1666,3042 1815,3042 1815,2982"/>
                    <TextEquiv>
                        <Unicode>that</Unicode>
                    </TextEquiv>
                </Word>
                <Word id="tr_1_tl_1_w7" custom="readingOrder {index:6;}">
                    <Coords points="1872,2988 1872,3048 1975,3048 1975,2988"/>
                    <TextEquiv>
                        <Unicode>can</Unicode>
                    </TextEquiv>
                </Word>
                <Word id="tr_1_tl_1_w8" custom="readingOrder {index:7;}">
                    <Coords points="2032,2993 2032,3053 2238,3053 2238,2993"/>
                    <TextEquiv>
                        <Unicode>begin</Unicode>
                    </TextEquiv>
                </Word>
                <Word id="tr_1_tl_1_w9" custom="readingOrder {index:8;}">
                    <Coords points="2295,3000 2295,3060 2363,3060 2363,3000"/>
                    <TextEquiv>
                        <Unicode>to</Unicode>
                    </TextEquiv>
                </Word>
                <Word id="tr_1_tl_1_w10" custom="readingOrder {index:9;}">
                    <Coords points="2420,3006 2420,3066 2581,3066 2581,3006"/>
                    <TextEquiv>
                        <Unicode>take</Unicode>
                    </TextEquiv>
                </Word>
                <Word id="tr_1_tl_1_w11" custom="readingOrder {index:10;}">
                    <Coords points="2650,3015 2650,3075 2855,3075 2855,3015"/>
                    <TextEquiv>
                        <Unicode>their</Unicode>
                    </TextEquiv>
                </Word>
                <TextEquiv>
                    <Unicode>moople. They havent any children that can begin to take their</Unicode>
                </TextEquiv>
            </TextLine>
            <TextLine id="tr_1_tl_2" custom="readingOrder {index:1;}">
                <Coords points="258,3129 2767,3159 2767,3079 2623,3055 258,3069"/>
                <Baseline points="277,3109 322,3106 367,3103 412,3100 456,3097 501,3094 546,3094 591,3091 636,3088 680,3085 725,3085 770,3082 815,3082 860,3082 904,3079 949,3079 994,3079 1039,3079 1084,3079 1128,3079 1173,3079 1218,3079 1263,3082 1308,3082 1352,3082 1397,3082 1442,3082 1487,3085 1532,3085 1576,3088 1621,3088 1666,3088 1711,3091 1756,3091 1800,3094 1845,3094 1890,3097 1935,3097 1980,3100 2024,3103 2069,3103 2114,3103 2159,3106 2204,3106 2248,3106 2293,3109 2338,3112 2383,3115 2428,3118 2472,3118 2517,3118 2562,3118 2607,3121 2652,3124 2696,3127 2741,3124 2777,3127"/>
                <Word id="tr_1_tl_2_w1" custom="readingOrder {index:0;}">
                    <Coords points="270,3059 270,3119 559,3119 559,3059"/>
                    <TextEquiv>
                        <Unicode>piages.</Unicode>
                    </TextEquiv>
                </Word>
                <Word id="tr_1_tl_2_w2" custom="readingOrder {index:1;}">
                    <Coords points="639,3045 639,3105 721,3105 721,3045"/>
                    <TextEquiv>
                        <Unicode>De</Unicode>
                    </TextEquiv>
                </Word>
                <Word id="tr_1_tl_2_w3" custom="readingOrder {index:2;}">
                    <Coords points="766,3040 766,3100 1009,3100 1009,3040"/>
                    <TextEquiv>
                        <Unicode>Miller</Unicode>
                    </TextEquiv>
                </Word>
                <Word id="tr_1_tl_2_w4" custom="readingOrder {index:3;}">
                    <Coords points="1055,3039 1055,3099 1251,3099 1251,3039"/>
                    <TextEquiv>
                        <Unicode>looks</Unicode>
                    </TextEquiv>
                </Word>
                <Word id="tr_1_tl_2_w5" custom="readingOrder {index:4;}">
                    <Coords points="1297,3042 1297,3102 1413,3102 1413,3042"/>
                    <TextEquiv>
                        <Unicode>old</Unicode>
                    </TextEquiv>
                </Word>
                <Word id="tr_1_tl_2_w6" custom="readingOrder {index:5;}">
                    <Coords points="1470,3044 1470,3104 1493,3104 1493,3044"/>
                    <TextEquiv>
                        <Unicode>&amp;</Unicode>
                    </TextEquiv>
                </Word>
                <Word id="tr_1_tl_2_w7" custom="readingOrder {index:6;}">
                    <Coords points="1552,3048 1552,3108 1783,3108 1783,3048"/>
                    <TextEquiv>
                        <Unicode>shakey</Unicode>
                    </TextEquiv>
                </Word>
                <Word id="tr_1_tl_2_w8" custom="readingOrder {index:7;}">
                    <Coords points="1840,3054 1840,3114 1863,3114 1863,3054"/>
                    <TextEquiv>
                        <Unicode>&amp;</Unicode>
                    </TextEquiv>
                </Word>
                <Word id="tr_1_tl_2_w9" custom="readingOrder {index:8;}">
                    <Coords points="1921,3058 1921,3118 1991,3118 1991,3058"/>
                    <TextEquiv>
                        <Unicode>so</Unicode>
                    </TextEquiv>
                </Word>
                <Word id="tr_1_tl_2_w10" custom="readingOrder {index:9;}">
                    <Coords points="2048,3063 2048,3123 2199,3123 2199,3063"/>
                    <TextEquiv>
                        <Unicode>does</Unicode>
                    </TextEquiv>
                </Word>
                <Word id="tr_1_tl_2_w11" custom="readingOrder {index:10;}">
                    <Coords points="2256,3074 2256,3134 2498,3134 2498,3074"/>
                    <TextEquiv>
                        <Unicode>Cousin</Unicode>
                    </TextEquiv>
                </Word>
                <Word id="tr_1_tl_2_w12" custom="readingOrder {index:11;}">
                    <Coords points="2556,3084 2556,3144 2764,3144 2764,3084"/>
                    <TextEquiv>
                        <Unicode>Wiley</Unicode>
                    </TextEquiv>
                </Word>
                <TextEquiv>
                    <Unicode>piages. De Miller looks old &amp; shakey &amp; so does Cousin Wiley</Unicode>
                </TextEquiv>
            </TextLine>
            <TextLine id="tr_1_tl_3" custom="readingOrder {index:2;}">
                <Coords points="251,3189 2737,3226 2781,3156 248,3129"/>
                <Baseline points="271,3174 316,3171 361,3168 406,3165 450,3162 495,3162 540,3162 585,3156 630,3153 674,3153 719,3150 764,3147 809,3147 854,3147 898,3147 943,3144 988,3144 1033,3144 1078,3144 1122,3144 1167,3144 1212,3144 1257,3144 1302,3147 1346,3147 1391,3147 1436,3150 1481,3150 1526,3150 1570,3153 1615,3153 1660,3156 1705,3156 1750,3159 1794,3159 1839,3162 1884,3162 1929,3165 1974,3168 2018,3168 2063,3168 2108,3171 2153,3171 2198,3174 2242,3177 2287,3180 2332,3183 2377,3183 2422,3183 2466,3189 2511,3189 2556,3189 2601,3192 2646,3192 2690,3198 2735,3201 2780,3201 2789,3198"/>
                <Word id="tr_1_tl_3_w1" custom="readingOrder {index:0;}">
                    <Coords points="258,3126 258,3186 503,3186 503,3126"/>
                    <TextEquiv>
                        <Unicode>gaung.</Unicode>
                    </TextEquiv>
                </Word>
                <Word id="tr_1_tl_3_w2" custom="readingOrder {index:1;}">
                    <Coords points="585,3113 585,3173 708,3173 708,3113"/>
                    <TextEquiv>
                        <Unicode>Mr.</Unicode>
                    </TextEquiv>
                </Word>
                <Word id="tr_1_tl_3_w3" custom="readingOrder {index:2;}">
                    <Coords points="759,3107 759,3167 913,3167 913,3107"/>
                    <TextEquiv>
                        <Unicode>Will</Unicode>
                    </TextEquiv>
                </Word>
                <Word id="tr_1_tl_3_w4" custom="readingOrder {index:3;}">
                    <Coords points="964,3104 964,3164 1282,3164 1282,3104"/>
                    <TextEquiv>
                        <Unicode>Waterson</Unicode>
                    </TextEquiv>
                </Word>
                <Word id="tr_1_tl_3_w5" custom="readingOrder {index:4;}">
                    <Coords points="1335,3108 1335,3168 1487,3168 1487,3108"/>
                    <TextEquiv>
                        <Unicode>died</Unicode>
                    </TextEquiv>
                </Word>
                <Word id="tr_1_tl_3_w6" custom="readingOrder {index:5;}">
                    <Coords points="1539,3114 1539,3174 1734,3174 1734,3114"/>
                    <TextEquiv>
                        <Unicode>about</Unicode>
                    </TextEquiv>
                </Word>
                <Word id="tr_1_tl_3_w7" custom="readingOrder {index:6;}">
                    <Coords points="1785,3122 1785,3182 1898,3182 1898,3122"/>
                    <TextEquiv>
                        <Unicode>ten</Unicode>
                    </TextEquiv>
                </Word>
                <Word id="tr_1_tl_3_w8" custom="readingOrder {index:7;}">
                    <Coords points="1959,3128 1959,3188 2113,3188 2113,3128"/>
                    <TextEquiv>
                        <Unicode>days</Unicode>
                    </TextEquiv>
                </Word>
                <Word id="tr_1_tl_3_w9" custom="readingOrder {index:8;}">
                    <Coords points="2164,3137 2164,3197 2339,3197 2339,3137"/>
                    <TextEquiv>
                        <Unicode>ago.</Unicode>
                    </TextEquiv>
                </Word>
                <Word id="tr_1_tl_3_w10" custom="readingOrder {index:9;}">
                    <Coords points="2432,3149 2432,3209 2637,3209 2637,3149"/>
                    <TextEquiv>
                        <Unicode>Annie</Unicode>
                    </TextEquiv>
                </Word>
                <Word id="tr_1_tl_3_w11" custom="readingOrder {index:10;}">
                    <Coords points="2698,3160 2698,3220 2769,3220 2769,3160"/>
                    <TextEquiv>
                        <Unicode>is</Unicode>
                    </TextEquiv>
                </Word>
                <TextEquiv>
                    <Unicode>gaung. Mr. Will Waterson died about ten days ago. Annie is</Unicode>
                </TextEquiv>
            </TextLine>
            <TextLine id="tr_1_tl_4" custom="readingOrder {index:3;}">
                <Coords points="251,3259 2741,3289 2687,3199 1727,3166 251,3209"/>
                <Baseline points="268,3243 313,3243 358,3240 403,3234 448,3231 492,3228 537,3225 582,3222 627,3222 672,3219 716,3219 761,3216 806,3213 851,3210 896,3213 940,3210 985,3210 1030,3210 1075,3210 1120,3210 1164,3216 1209,3213 1254,3213 1299,3213 1344,3216 1388,3216 1433,3216 1478,3216 1523,3219 1568,3219 1612,3222 1657,3225 1702,3225 1747,3228 1792,3228 1836,3231 1881,3234 1926,3234 1971,3237 2016,3237 2060,3237 2105,3240 2150,3243 2195,3243 2240,3246 2284,3249 2329,3252 2374,3252 2419,3255 2464,3258 2508,3258 2553,3261 2598,3264 2643,3267 2688,3270 2732,3273 2747,3270"/>
                <Word id="tr_1_tl_4_w1" custom="readingOrder {index:0;}">
                    <Coords points="267,3201 267,3261 412,3261 412,3201"/>
                    <TextEquiv>
                        <Unicode>iek</Unicode>
                    </TextEquiv>
                </Word>
                <Word id="tr_1_tl_4_w2" custom="readingOrder {index:1;}">
                    <Coords points="480,3182 480,3242 720,3242 720,3182"/>
                    <TextEquiv>
                        <Unicode>nearly</Unicode>
                    </TextEquiv>
                </Word>
                <Word id="tr_1_tl_4_w3" custom="readingOrder {index:2;}">
                    <Coords points="773,3171 773,3231 961,3231 961,3171"/>
                    <TextEquiv>
                        <Unicode>every</Unicode>
                    </TextEquiv>
                </Word>
                <Word id="tr_1_tl_4_w4" custom="readingOrder {index:3;}">
                    <Coords points="1014,3170 1014,3230 1120,3230 1120,3170"/>
                    <TextEquiv>
                        <Unicode>day</Unicode>
                    </TextEquiv>
                </Word>
                <Word id="tr_1_tl_4_w5" custom="readingOrder {index:4;}">
                    <Coords points="1175,3173 1175,3233 1294,3233 1294,3173"/>
                    <TextEquiv>
                        <Unicode>but</Unicode>
                    </TextEquiv>
                </Word>
                <Word id="tr_1_tl_4_w6" custom="readingOrder {index:5;}">
                    <Coords points="1348,3176 1348,3236 1454,3236 1454,3176"/>
                    <TextEquiv>
                        <Unicode>she</Unicode>
                    </TextEquiv>
                </Word>
                <Word id="tr_1_tl_4_w7" custom="readingOrder {index:6;}">
                    <Coords points="1509,3179 1509,3239 1654,3239 1654,3179"/>
                    <TextEquiv>
                        <Unicode>must</Unicode>
                    </TextEquiv>
                </Word>
                <Word id="tr_1_tl_4_w8" custom="readingOrder {index:7;}">
                    <Coords points="1709,3187 1709,3247 1775,3247 1775,3187"/>
                    <TextEquiv>
                        <Unicode>be</Unicode>
                    </TextEquiv>
                </Word>
                <Word id="tr_1_tl_4_w9" custom="readingOrder {index:8;}">
                    <Coords points="1828,3197 1828,3257 2162,3257 2162,3197"/>
                    <TextEquiv>
                        <Unicode>stronger</Unicode>
                    </TextEquiv>
                </Word>
                <Word id="tr_1_tl_4_w10" custom="readingOrder {index:9;}">
                    <Coords points="2216,3209 2216,3269 2375,3269 2375,3209"/>
                    <TextEquiv>
                        <Unicode>than</Unicode>
                    </TextEquiv>
                </Word>
                <Word id="tr_1_tl_4_w11" custom="readingOrder {index:10;}">
                    <Coords points="2430,3217 2430,3277 2469,3277 2469,3217"/>
                    <TextEquiv>
                        <Unicode>I</Unicode>
                    </TextEquiv>
                </Word>
                <Word id="tr_1_tl_4_w12" custom="readingOrder {index:11;}">
                    <Coords points="2522,3225 2522,3285 2722,3285 2722,3225"/>
                    <TextEquiv>
                        <Unicode>think</Unicode>
                    </TextEquiv>
                </Word>
                <TextEquiv>
                    <Unicode>iek nearly every day but she must be stronger than I think</Unicode>
                </TextEquiv>
            </TextLine>
            <TextLine id="tr_1_tl_5" custom="readingOrder {index:4;}">
                <Coords points="251,3340 1151,3286 2737,3370 2734,3293 2496,3259 251,3263"/>
                <Baseline points="268,3309 313,3309 358,3306 403,3300 448,3300 492,3294 537,3291 582,3291 627,3285 672,3285 716,3285 761,3279 806,3276 851,3276 896,3276 940,3276 985,3276 1030,3276 1075,3279 1120,3279 1164,3279 1209,3279 1254,3282 1299,3282 1344,3282 1388,3285 1433,3285 1478,3285 1523,3288 1568,3288 1612,3291 1657,3294 1702,3300 1747,3297 1792,3297 1836,3300 1881,3303 1926,3306 1971,3306 2016,3309 2060,3309 2105,3312 2150,3312 2195,3318 2240,3318 2284,3321 2329,3324 2374,3327 2419,3327 2464,3330 2508,3333 2553,3336 2598,3336 2643,3342 2688,3345 2732,3348 2747,3348"/>
                <Word id="tr_1_tl_5_w1" custom="readingOrder {index:0;}">
                    <Coords points="279,3269 279,3329 330,3329 330,3269"/>
                    <TextEquiv>
                        <Unicode>e</Unicode>
                    </TextEquiv>
                </Word>
                <Word id="tr_1_tl_5_w2" custom="readingOrder {index:1;}">
                    <Coords points="395,3256 395,3316 550,3316 550,3256"/>
                    <TextEquiv>
                        <Unicode>must</Unicode>
                    </TextEquiv>
                </Word>
                <Word id="tr_1_tl_5_w3" custom="readingOrder {index:2;}">
                    <Coords points="640,3244 640,3304 796,3304 796,3244"/>
                    <TextEquiv>
                        <Unicode>have</Unicode>
                    </TextEquiv>
                </Word>
                <Word id="tr_1_tl_5_w4" custom="readingOrder {index:3;}">
                    <Coords points="860,3236 860,3296 1208,3296 1208,3236"/>
                    <TextEquiv>
                        <Unicode>wonderful</Unicode>
                    </TextEquiv>
                </Word>
                <Word id="tr_1_tl_5_w5" custom="readingOrder {index:4;}">
                    <Coords points="1261,3242 1261,3302 1415,3302 1415,3242"/>
                    <TextEquiv>
                        <Unicode>will</Unicode>
                    </TextEquiv>
                </Word>
                <Word id="tr_1_tl_5_w6" custom="readingOrder {index:5;}">
                    <Coords points="1466,3248 1466,3308 1699,3308 1699,3248"/>
                    <TextEquiv>
                        <Unicode>power.</Unicode>
                    </TextEquiv>
                </Word>
                <Word id="tr_1_tl_5_w7" custom="readingOrder {index:6;}">
                    <Coords points="1790,3260 1790,3320 1906,3320 1906,3260"/>
                    <TextEquiv>
                        <Unicode>She</Unicode>
                    </TextEquiv>
                </Word>
                <Word id="tr_1_tl_5_w8" custom="readingOrder {index:7;}">
                    <Coords points="1957,3269 1957,3329 2164,3329 2164,3269"/>
                    <TextEquiv>
                        <Unicode>stood</Unicode>
                    </TextEquiv>
                </Word>
                <Word id="tr_1_tl_5_w9" custom="readingOrder {index:8;}">
                    <Coords points="2215,3281 2215,3341 2371,3341 2371,3281"/>
                    <TextEquiv>
                        <Unicode>that</Unicode>
                    </TextEquiv>
                </Word>
                <Word id="tr_1_tl_5_w10" custom="readingOrder {index:9;}">
                    <Coords points="2435,3293 2435,3353 2591,3353 2591,3293"/>
                    <TextEquiv>
                        <Unicode>trip</Unicode>
                    </TextEquiv>
                </Word>
                <Word id="tr_1_tl_5_w11" custom="readingOrder {index:10;}">
                    <Coords points="2655,3305 2655,3365 2732,3365 2732,3305"/>
                    <TextEquiv>
                        <Unicode>as</Unicode>
                    </TextEquiv>
                </Word>
                <TextEquiv>
                    <Unicode>e must have wonderful will power. She stood that trip as</Unicode>
                </TextEquiv>
            </TextLine>
            <TextLine id="tr_1_tl_6" custom="readingOrder {index:5;}">
                <Coords points="251,3376 2700,3437 2697,3350 1937,3306 251,3343"/>
                <Baseline points="271,3374 316,3374 361,3374 406,3368 450,3365 495,3362 540,3360 585,3357 630,3357 674,3354 719,3351 764,3348 809,3348 854,3345 898,3345 943,3345 988,3345 1033,3345 1078,3345 1122,3345 1167,3348 1212,3348 1257,3348 1302,3351 1346,3351 1391,3351 1436,3357 1481,3354 1526,3354 1570,3357 1615,3357 1660,3362 1705,3362 1750,3362 1794,3365 1839,3368 1884,3368 1929,3374 1974,3374 2018,3377 2063,3377 2108,3380 2153,3383 2198,3386 2242,3386 2287,3389 2332,3392 2377,3395 2422,3398 2466,3401 2511,3404 2556,3407 2601,3407 2646,3410 2690,3410 2705,3413"/>
                <Word id="tr_1_tl_6_w1" custom="readingOrder {index:0;}">
                    <Coords points="261,3334 261,3394 418,3394 418,3334"/>
                    <TextEquiv>
                        <Unicode>all</Unicode>
                    </TextEquiv>
                </Word>
                <Word id="tr_1_tl_6_w2" custom="readingOrder {index:1;}">
                    <Coords points="470,3321 470,3381 544,3381 544,3321"/>
                    <TextEquiv>
                        <Unicode>as</Unicode>
                    </TextEquiv>
                </Word>
                <Word id="tr_1_tl_6_w3" custom="readingOrder {index:2;}">
                    <Coords points="596,3317 596,3377 627,3377 627,3317"/>
                    <TextEquiv>
                        <Unicode>I</Unicode>
                    </TextEquiv>
                </Word>
                <Word id="tr_1_tl_6_w4" custom="readingOrder {index:3;}">
                    <Coords points="690,3309 690,3369 795,3369 795,3309"/>
                    <TextEquiv>
                        <Unicode>did</Unicode>
                    </TextEquiv>
                </Word>
                <Word id="tr_1_tl_6_w5" custom="readingOrder {index:4;}">
                    <Coords points="857,3305 857,3365 878,3365 878,3305"/>
                    <TextEquiv>
                        <Unicode>&amp;</Unicode>
                    </TextEquiv>
                </Word>
                <Word id="tr_1_tl_6_w6" custom="readingOrder {index:5;}">
                    <Coords points="930,3305 930,3365 1003,3365 1003,3305"/>
                    <TextEquiv>
                        <Unicode>it</Unicode>
                    </TextEquiv>
                </Word>
                <Word id="tr_1_tl_6_w7" custom="readingOrder {index:6;}">
                    <Coords points="1055,3308 1055,3368 1412,3368 1412,3308"/>
                    <TextEquiv>
                        <Unicode>certainly</Unicode>
                    </TextEquiv>
                </Word>
                <Word id="tr_1_tl_6_w8" custom="readingOrder {index:7;}">
                    <Coords points="1464,3314 1464,3374 1568,3374 1568,3314"/>
                    <TextEquiv>
                        <Unicode>was</Unicode>
                    </TextEquiv>
                </Word>
                <Word id="tr_1_tl_6_w9" custom="readingOrder {index:8;}">
                    <Coords points="1621,3321 1621,3381 1694,3381 1694,3321"/>
                    <TextEquiv>
                        <Unicode>an</Unicode>
                    </TextEquiv>
                </Word>
                <Word id="tr_1_tl_6_w10" custom="readingOrder {index:9;}">
                    <Coords points="1746,3328 1746,3388 1946,3388 1946,3328"/>
                    <TextEquiv>
                        <Unicode>awful</Unicode>
                    </TextEquiv>
                </Word>
                <Word id="tr_1_tl_6_w11" custom="readingOrder {index:10;}">
                    <Coords points="1998,3338 1998,3398 2165,3398 2165,3338"/>
                    <TextEquiv>
                        <Unicode>one.</Unicode>
                    </TextEquiv>
                </Word>
                <Word id="tr_1_tl_6_w12" custom="readingOrder {index:11;}">
                    <Coords points="2249,3349 2249,3409 2332,3409 2332,3349"/>
                    <TextEquiv>
                        <Unicode>We</Unicode>
                    </TextEquiv>
                </Word>
                <Word id="tr_1_tl_6_w13" custom="readingOrder {index:12;}">
                    <Coords points="2384,3365 2384,3425 2677,3425 2677,3365"/>
                    <TextEquiv>
                        <Unicode>started</Unicode>
                    </TextEquiv>
                </Word>
                <TextEquiv>
                    <Unicode>all as I did &amp; it certainly was an awful one. We started</Unicode>
                </TextEquiv>
            </TextLine>
            <TextLine id="tr_1_tl_7" custom="readingOrder {index:6;}">
                <Coords points="254,3460 2791,3517 2787,3427 1988,3373 254,3400"/>
                <Baseline points="274,3446 319,3443 364,3440 409,3434 453,3431 498,3431 543,3425 588,3422 633,3419 677,3419 722,3416 767,3416 812,3413 857,3413 901,3413 946,3410 991,3410 1036,3410 1081,3410 1125,3413 1170,3413 1215,3413 1260,3413 1305,3416 1349,3416 1394,3419 1439,3419 1484,3422 1529,3422 1573,3425 1618,3428 1663,3428 1708,3431 1753,3434 1797,3437 1842,3437 1887,3440 1932,3443 1977,3446 2021,3446 2066,3449 2111,3449 2156,3455 2201,3458 2245,3461 2290,3464 2335,3464 2380,3467 2425,3473 2469,3476 2514,3479 2559,3482 2604,3485 2649,3488 2693,3491 2738,3491 2783,3491 2798,3494"/>
                <Word id="tr_1_tl_7_w1" custom="readingOrder {index:0;}">
                    <Coords points="278,3404 278,3464 329,3464 329,3404"/>
                    <TextEquiv>
                        <Unicode>to</Unicode>
                    </TextEquiv>
                </Word>
                <Word id="tr_1_tl_7_w2" custom="readingOrder {index:1;}">
                    <Coords points="398,3391 398,3451 518,3451 518,3391"/>
                    <TextEquiv>
                        <Unicode>the</Unicode>
                    </TextEquiv>
                </Word>
                <Word id="tr_1_tl_7_w3" custom="readingOrder {index:2;}">
                    <Coords points="571,3378 571,3438 794,3438 794,3378"/>
                    <TextEquiv>
                        <Unicode>church</Unicode>
                    </TextEquiv>
                </Word>
                <Word id="tr_1_tl_7_w4" custom="readingOrder {index:3;}">
                    <Coords points="865,3370 865,3430 1054,3430 1054,3370"/>
                    <TextEquiv>
                        <Unicode>about</Unicode>
                    </TextEquiv>
                </Word>
                <Word id="tr_1_tl_7_w5" custom="readingOrder {index:4;}">
                    <Coords points="1107,3373 1107,3433 1210,3433 1210,3373"/>
                    <TextEquiv>
                        <Unicode>two</Unicode>
                    </TextEquiv>
                </Word>
                <Word id="tr_1_tl_7_w6" custom="readingOrder {index:5;}">
                    <Coords points="1262,3374 1262,3434 1296,3434 1296,3374"/>
                    <TextEquiv>
                        <Unicode>à</Unicode>
                    </TextEquiv>
                </Word>
                <Word id="tr_1_tl_7_w7" custom="readingOrder {index:6;}">
                    <Coords points="1347,3379 1347,3439 1487,3439 1487,3379"/>
                    <TextEquiv>
                        <Unicode>when</Unicode>
                    </TextEquiv>
                </Word>
                <Word id="tr_1_tl_7_w8" custom="readingOrder {index:7;}">
                    <Coords points="1538,3385 1538,3445 1624,3445 1624,3385"/>
                    <TextEquiv>
                        <Unicode>we</Unicode>
                    </TextEquiv>
                </Word>
                <Word id="tr_1_tl_7_w9" custom="readingOrder {index:8;}">
                    <Coords points="1677,3392 1677,3452 1780,3452 1780,3392"/>
                    <TextEquiv>
                        <Unicode>got</Unicode>
                    </TextEquiv>
                </Word>
                <Word id="tr_1_tl_7_w10" custom="readingOrder {index:9;}">
                    <Coords points="1832,3401 1832,3461 1988,3461 1988,3401"/>
                    <TextEquiv>
                        <Unicode>home</Unicode>
                    </TextEquiv>
                </Word>
                <Word id="tr_1_tl_7_w11" custom="readingOrder {index:10;}">
                    <Coords points="2040,3409 2040,3469 2125,3469 2125,3409"/>
                    <TextEquiv>
                        <Unicode>it</Unicode>
                    </TextEquiv>
                </Word>
                <Word id="tr_1_tl_7_w12" custom="readingOrder {index:11;}">
                    <Coords points="2177,3420 2177,3480 2299,3480 2299,3420"/>
                    <TextEquiv>
                        <Unicode>was</Unicode>
                    </TextEquiv>
                </Word>
                <Word id="tr_1_tl_7_w13" custom="readingOrder {index:12;}">
                    <Coords points="2350,3433 2350,3493 2505,3493 2505,3433"/>
                    <TextEquiv>
                        <Unicode>past</Unicode>
                    </TextEquiv>
                </Word>
                <Word id="tr_1_tl_7_w14" custom="readingOrder {index:13;}">
                    <Coords points="2575,3447 2575,3507 2695,3507 2695,3447"/>
                    <TextEquiv>
                        <Unicode>siy</Unicode>
                    </TextEquiv>
                </Word>
                <Word id="tr_1_tl_7_w15" custom="readingOrder {index:14;}">
                    <Coords points="2747,3451 2747,3511 2781,3511 2781,3451"/>
                    <TextEquiv>
                        <Unicode>a</Unicode>
                    </TextEquiv>
                </Word>
                <TextEquiv>
                    <Unicode>to the church about two à when we got home it was past siy a</Unicode>
                </TextEquiv>
            </TextLine>
            <TextLine id="tr_1_tl_8" custom="readingOrder {index:7;}">
                <Coords points="254,3527 1566,3497 2787,3601 2878,3507 251,3450"/>
                <Baseline points="271,3512 316,3515 361,3509 406,3509 450,3503 495,3500 540,3497 585,3494 630,3491 674,3488 719,3485 764,3485 809,3482 854,3482 898,3482 943,3479 988,3479 1033,3482 1078,3482 1122,3482 1167,3482 1212,3482 1257,3482 1302,3485 1346,3485 1391,3488 1436,3491 1481,3491 1526,3497 1570,3494 1615,3497 1660,3500 1705,3500 1750,3503 1794,3506 1839,3509 1884,3512 1929,3512 1974,3515 2018,3518 2063,3518 2108,3524 2153,3527 2198,3530 2242,3533 2287,3533 2332,3539 2377,3539 2422,3542 2466,3545 2511,3548 2556,3554 2601,3557 2646,3560 2690,3560 2735,3563 2780,3569 2825,3569 2870,3572 2885,3572"/>
                <Word id="tr_1_tl_8_w1" custom="readingOrder {index:0;}">
                    <Coords points="262,3473 262,3533 337,3533 337,3473"/>
                    <TextEquiv>
                        <Unicode>e</Unicode>
                    </TextEquiv>
                </Word>
                <Word id="tr_1_tl_8_w2" custom="readingOrder {index:1;}">
                    <Coords points="391,3461 391,3521 544,3521 544,3461"/>
                    <TextEquiv>
                        <Unicode>left</Unicode>
                    </TextEquiv>
                </Word>
                <Word id="tr_1_tl_8_w3" custom="readingOrder {index:2;}">
                    <Coords points="597,3445 597,3505 836,3505 836,3445"/>
                    <TextEquiv>
                        <Unicode>before</Unicode>
                    </TextEquiv>
                </Word>
                <Word id="tr_1_tl_8_w4" custom="readingOrder {index:3;}">
                    <Coords points="891,3439 891,3499 999,3499 999,3439"/>
                    <TextEquiv>
                        <Unicode>the</Unicode>
                    </TextEquiv>
                </Word>
                <Word id="tr_1_tl_8_w5" custom="readingOrder {index:4;}">
                    <Coords points="1053,3442 1053,3502 1293,3502 1293,3442"/>
                    <TextEquiv>
                        <Unicode>others</Unicode>
                    </TextEquiv>
                </Word>
                <Word id="tr_1_tl_8_w6" custom="readingOrder {index:5;}">
                    <Coords points="1336,3449 1336,3509 1499,3509 1499,3449"/>
                    <TextEquiv>
                        <Unicode>did.</Unicode>
                    </TextEquiv>
                </Word>
                <Word id="tr_1_tl_8_w7" custom="readingOrder {index:6;}">
                    <Coords points="1585,3456 1585,3516 1617,3516 1617,3456"/>
                    <TextEquiv>
                        <Unicode>I</Unicode>
                    </TextEquiv>
                </Word>
                <Word id="tr_1_tl_8_w8" custom="readingOrder {index:7;}">
                    <Coords points="1672,3461 1672,3521 1780,3521 1780,3461"/>
                    <TextEquiv>
                        <Unicode>was</Unicode>
                    </TextEquiv>
                </Word>
                <Word id="tr_1_tl_8_w9" custom="readingOrder {index:8;}">
                    <Coords points="1834,3476 1834,3536 2160,3536 2160,3476"/>
                    <TextEquiv>
                        <Unicode>strongly</Unicode>
                    </TextEquiv>
                </Word>
                <Word id="tr_1_tl_8_w10" custom="readingOrder {index:9;}">
                    <Coords points="2225,3499 2225,3559 2508,3559 2508,3499"/>
                    <TextEquiv>
                        <Unicode>tempted</Unicode>
                    </TextEquiv>
                </Word>
                <Word id="tr_1_tl_8_w11" custom="readingOrder {index:10;}">
                    <Coords points="2572,3517 2572,3577 2637,3577 2637,3517"/>
                    <TextEquiv>
                        <Unicode>to</Unicode>
                    </TextEquiv>
                </Word>
                <Word id="tr_1_tl_8_w12" custom="readingOrder {index:11;}">
                    <Coords points="2703,3529 2703,3589 2865,3589 2865,3529"/>
                    <TextEquiv>
                        <Unicode>pack</Unicode>
                    </TextEquiv>
                </Word>
                <TextEquiv>
                    <Unicode>e left before the others did. I was strongly tempted to pack</Unicode>
                </TextEquiv>
            </TextLine>
            <TextLine id="tr_1_tl_9" custom="readingOrder {index:8;}">
                <Coords points="251,3601 977,3550 2761,3647 2757,3577 1533,3497 251,3534"/>
                <Baseline points="268,3584 313,3581 358,3578 403,3572 448,3569 492,3566 537,3563 582,3560 627,3557 672,3557 716,3554 761,3551 806,3551 851,3548 896,3548 940,3548 985,3548 1030,3548 1075,3548 1120,3551 1164,3548 1209,3548 1254,3551 1299,3551 1344,3554 1388,3557 1433,3560 1478,3560 1523,3563 1568,3563 1612,3566 1657,3569 1702,3569 1747,3569 1792,3572 1836,3578 1881,3581 1926,3586 1971,3581 2016,3586 2060,3589 2105,3592 2150,3598 2195,3598 2240,3604 2284,3607 2329,3610 2374,3613 2419,3616 2464,3619 2508,3622 2553,3625 2598,3628 2643,3631 2688,3631 2732,3637 2765,3640"/>
                <Word id="tr_1_tl_9_w1" custom="readingOrder {index:0;}">
                    <Coords points="264,3541 264,3601 335,3601 335,3541"/>
                    <TextEquiv>
                        <Unicode>my</Unicode>
                    </TextEquiv>
                </Word>
                <Word id="tr_1_tl_9_w2" custom="readingOrder {index:1;}">
                    <Coords points="394,3526 394,3586 584,3586 584,3526"/>
                    <TextEquiv>
                        <Unicode>trunk</Unicode>
                    </TextEquiv>
                </Word>
                <Word id="tr_1_tl_9_w3" custom="readingOrder {index:2;}">
                    <Coords points="643,3517 643,3577 679,3577 679,3517"/>
                    <TextEquiv>
                        <Unicode>å</Unicode>
                    </TextEquiv>
                </Word>
                <Word id="tr_1_tl_9_w4" custom="readingOrder {index:3;}">
                    <Coords points="726,3509 726,3569 928,3569 928,3509"/>
                    <TextEquiv>
                        <Unicode>leave</Unicode>
                    </TextEquiv>
                </Word>
                <Word id="tr_1_tl_9_w5" custom="readingOrder {index:4;}">
                    <Coords points="976,3508 976,3568 1083,3568 1083,3508"/>
                    <TextEquiv>
                        <Unicode>for</Unicode>
                    </TextEquiv>
                </Word>
                <Word id="tr_1_tl_9_w6" custom="readingOrder {index:5;}">
                    <Coords points="1142,3508 1142,3568 1286,3568 1286,3508"/>
                    <TextEquiv>
                        <Unicode>home</Unicode>
                    </TextEquiv>
                </Word>
                <Word id="tr_1_tl_9_w7" custom="readingOrder {index:6;}">
                    <Coords points="1345,3517 1345,3577 1451,3577 1451,3517"/>
                    <TextEquiv>
                        <Unicode>all</Unicode>
                    </TextEquiv>
                </Word>
                <Word id="tr_1_tl_9_w8" custom="readingOrder {index:7;}">
                    <Coords points="1511,3524 1511,3584 1665,3584 1665,3524"/>
                    <TextEquiv>
                        <Unicode>last</Unicode>
                    </TextEquiv>
                </Word>
                <Word id="tr_1_tl_9_w9" custom="readingOrder {index:8;}">
                    <Coords points="1712,3534 1712,3594 1914,3594 1914,3534"/>
                    <TextEquiv>
                        <Unicode>week.</Unicode>
                    </TextEquiv>
                </Word>
                <Word id="tr_1_tl_9_w10" custom="readingOrder {index:9;}">
                    <Coords points="1997,3551 1997,3611 2199,3611 2199,3551"/>
                    <TextEquiv>
                        <Unicode>Think</Unicode>
                    </TextEquiv>
                </Word>
                <Word id="tr_1_tl_9_w11" custom="readingOrder {index:10;}">
                    <Coords points="2258,3566 2258,3626 2295,3626 2295,3566"/>
                    <TextEquiv>
                        <Unicode>I</Unicode>
                    </TextEquiv>
                </Word>
                <Word id="tr_1_tl_9_w12" custom="readingOrder {index:11;}">
                    <Coords points="2354,3578 2354,3638 2556,3638 2556,3578"/>
                    <TextEquiv>
                        <Unicode>would</Unicode>
                    </TextEquiv>
                </Word>
                <Word id="tr_1_tl_9_w13" custom="readingOrder {index:12;}">
                    <Coords points="2616,3591 2616,3651 2734,3651 2734,3591"/>
                    <TextEquiv>
                        <Unicode>but</Unicode>
                    </TextEquiv>
                </Word>
                <TextEquiv>
                    <Unicode>my trunk å leave for home all last week. Think I would but</Unicode>
                </TextEquiv>
            </TextLine>
            <TextLine id="tr_1_tl_10" custom="readingOrder {index:9;}">
                <Coords points="258,3671 1325,3624 2731,3738 2831,3651 984,3547 254,3614"/>
                <Baseline points="277,3652 322,3649 367,3646 412,3640 456,3637 501,3634 546,3628 591,3625 636,3625 680,3622 725,3619 770,3619 815,3619 860,3616 904,3616 949,3613 994,3613 1039,3616 1084,3616 1128,3616 1173,3616 1218,3616 1263,3616 1308,3619 1352,3622 1397,3622 1442,3625 1487,3628 1532,3628 1576,3628 1621,3631 1666,3634 1711,3637 1756,3640 1800,3643 1845,3646 1890,3649 1935,3652 1980,3655 2024,3658 2069,3661 2114,3664 2159,3667 2204,3673 2248,3676 2293,3682 2338,3685 2383,3685 2428,3685 2472,3691 2517,3694 2562,3697 2607,3700 2652,3703 2696,3706 2741,3709 2786,3712 2831,3718 2843,3718"/>
                <Word id="tr_1_tl_10_w1" custom="readingOrder {index:0;}">
                    <Coords points="269,3606 269,3666 464,3666 464,3606"/>
                    <TextEquiv>
                        <Unicode>didnt</Unicode>
                    </TextEquiv>
                </Word>
                <Word id="tr_1_tl_10_w2" custom="readingOrder {index:1;}">
                    <Coords points="529,3585 529,3645 724,3645 724,3585"/>
                    <TextEquiv>
                        <Unicode>think</Unicode>
                    </TextEquiv>
                </Word>
                <Word id="tr_1_tl_10_w3" custom="readingOrder {index:2;}">
                    <Coords points="776,3579 776,3639 802,3639 802,3579"/>
                    <TextEquiv>
                        <Unicode>I</Unicode>
                    </TextEquiv>
                </Word>
                <Word id="tr_1_tl_10_w4" custom="readingOrder {index:3;}">
                    <Coords points="866,3573 866,3633 1048,3633 1048,3573"/>
                    <TextEquiv>
                        <Unicode>could</Unicode>
                    </TextEquiv>
                </Word>
                <Word id="tr_1_tl_10_w5" custom="readingOrder {index:4;}">
                    <Coords points="1100,3576 1100,3636 1295,3636 1295,3576"/>
                    <TextEquiv>
                        <Unicode>stand</Unicode>
                    </TextEquiv>
                </Word>
                <Word id="tr_1_tl_10_w6" custom="readingOrder {index:5;}">
                    <Coords points="1348,3582 1348,3642 1464,3642 1464,3582"/>
                    <TextEquiv>
                        <Unicode>it.</Unicode>
                    </TextEquiv>
                </Word>
                <Word id="tr_1_tl_10_w7" custom="readingOrder {index:6;}">
                    <Coords points="1544,3588 1544,3648 1582,3648 1582,3588"/>
                    <TextEquiv>
                        <Unicode>I</Unicode>
                    </TextEquiv>
                </Word>
                <Word id="tr_1_tl_10_w8" custom="readingOrder {index:7;}">
                    <Coords points="1634,3597 1634,3657 1790,3657 1790,3597"/>
                    <TextEquiv>
                        <Unicode>want</Unicode>
                    </TextEquiv>
                </Word>
                <Word id="tr_1_tl_10_w9" custom="readingOrder {index:8;}">
                    <Coords points="1842,3607 1842,3667 1906,3667 1906,3607"/>
                    <TextEquiv>
                        <Unicode>to</Unicode>
                    </TextEquiv>
                </Word>
                <Word id="tr_1_tl_10_w10" custom="readingOrder {index:9;}">
                    <Coords points="1958,3617 1958,3677 2076,3677 2076,3617"/>
                    <TextEquiv>
                        <Unicode>see</Unicode>
                    </TextEquiv>
                </Word>
                <Word id="tr_1_tl_10_w11" custom="readingOrder {index:10;}">
                    <Coords points="2127,3633 2127,3693 2297,3693 2297,3633"/>
                    <TextEquiv>
                        <Unicode>you.</Unicode>
                    </TextEquiv>
                </Word>
                <Word id="tr_1_tl_10_w12" custom="readingOrder {index:11;}">
                    <Coords points="2440,3652 2440,3712 2556,3712 2556,3652"/>
                    <TextEquiv>
                        <Unicode>Sam</Unicode>
                    </TextEquiv>
                </Word>
                <Word id="tr_1_tl_10_w13" custom="readingOrder {index:12;}">
                    <Coords points="2621,3667 2621,3727 2829,3727 2829,3667"/>
                    <TextEquiv>
                        <Unicode>wrote</Unicode>
                    </TextEquiv>
                </Word>
                <TextEquiv>
                    <Unicode>didnt think I could stand it. I want to see you. Sam wrote</Unicode>
                </TextEquiv>
            </TextLine>
            <TextLine id="tr_1_tl_11" custom="readingOrder {index:10;}">
                <Coords points="261,3734 1128,3681 2808,3801 2777,3724 1529,3634 258,3667"/>
                <Baseline points="280,3724 325,3718 370,3712 415,3706 459,3703 504,3697 549,3694 594,3694 639,3691 683,3691 728,3685 773,3685 818,3682 863,3682 907,3682 952,3682 997,3679 1042,3679 1087,3682 1131,3682 1176,3682 1221,3682 1266,3685 1311,3685 1355,3688 1400,3691 1445,3694 1490,3694 1535,3697 1579,3700 1624,3703 1669,3703 1714,3709 1759,3709 1803,3712 1848,3718 1893,3721 1938,3724 1983,3724 2027,3730 2072,3733 2117,3736 2162,3739 2207,3745 2251,3748 2296,3751 2341,3754 2386,3760 2431,3763 2475,3763 2520,3766 2565,3772 2610,3775 2655,3778 2699,3781 2744,3787 2789,3790 2810,3796"/>
                <Word id="tr_1_tl_11_w1" custom="readingOrder {index:0;}">
                    <Coords points="271,3675 271,3735 424,3735 424,3675"/>
                    <TextEquiv>
                        <Unicode>last</Unicode>
                    </TextEquiv>
                </Word>
                <Word id="tr_1_tl_11_w2" custom="readingOrder {index:1;}">
                    <Coords points="483,3654 483,3714 626,3714 626,3654"/>
                    <TextEquiv>
                        <Unicode>week</Unicode>
                    </TextEquiv>
                </Word>
                <Word id="tr_1_tl_11_w3" custom="readingOrder {index:2;}">
                    <Coords points="685,3642 685,3702 969,3702 969,3642"/>
                    <TextEquiv>
                        <Unicode>wanting</Unicode>
                    </TextEquiv>
                </Word>
                <Word id="tr_1_tl_11_w4" custom="readingOrder {index:3;}">
                    <Coords points="1016,3639 1016,3699 1087,3699 1087,3639"/>
                    <TextEquiv>
                        <Unicode>me</Unicode>
                    </TextEquiv>
                </Word>
                <Word id="tr_1_tl_11_w5" custom="readingOrder {index:4;}">
                    <Coords points="1136,3642 1136,3702 1206,3702 1206,3642"/>
                    <TextEquiv>
                        <Unicode>to</Unicode>
                    </TextEquiv>
                </Word>
                <Word id="tr_1_tl_11_w6" custom="readingOrder {index:5;}">
                    <Coords points="1265,3646 1265,3706 1408,3706 1408,3646"/>
                    <TextEquiv>
                        <Unicode>come</Unicode>
                    </TextEquiv>
                </Word>
                <Word id="tr_1_tl_11_w7" custom="readingOrder {index:6;}">
                    <Coords points="1467,3657 1467,3717 1620,3717 1620,3657"/>
                    <TextEquiv>
                        <Unicode>over</Unicode>
                    </TextEquiv>
                </Word>
                <Word id="tr_1_tl_11_w8" custom="readingOrder {index:7;}">
                    <Coords points="1667,3671 1667,3731 1916,3731 1916,3671"/>
                    <TextEquiv>
                        <Unicode>there.</Unicode>
                    </TextEquiv>
                </Word>
                <Word id="tr_1_tl_11_w9" custom="readingOrder {index:8;}">
                    <Coords points="2000,3693 2000,3753 2165,3753 2165,3693"/>
                    <TextEquiv>
                        <Unicode>Said</Unicode>
                    </TextEquiv>
                </Word>
                <Word id="tr_1_tl_11_w10" custom="readingOrder {index:9;}">
                    <Coords points="2224,3711 2224,3771 2379,3771 2379,3711"/>
                    <TextEquiv>
                        <Unicode>Sara</Unicode>
                    </TextEquiv>
                </Word>
                <Word id="tr_1_tl_11_w11" custom="readingOrder {index:10;}">
                    <Coords points="2438,3724 2438,3784 2557,3784 2557,3724"/>
                    <TextEquiv>
                        <Unicode>was</Unicode>
                    </TextEquiv>
                </Word>
                <Word id="tr_1_tl_11_w12" custom="readingOrder {index:11;}">
                    <Coords points="2616,3740 2616,3800 2781,3800 2781,3740"/>
                    <TextEquiv>
                        <Unicode>sick</Unicode>
                    </TextEquiv>
                </Word>
                <TextEquiv>
                    <Unicode>last week wanting me to come over there. Said Sara was sick</Unicode>
                </TextEquiv>
            </TextLine>
            <TextLine id="tr_1_tl_12" custom="readingOrder {index:11;}">
                <Coords points="251,3815 1221,3761 2871,3892 2818,3791 1646,3708 248,3724"/>
                <Baseline points="271,3793 316,3790 361,3784 406,3784 450,3778 495,3775 540,3769 585,3766 630,3763 674,3763 719,3760 764,3757 809,3757 854,3754 898,3754 943,3751 988,3751 1033,3751 1078,3751 1122,3751 1167,3754 1212,3754 1257,3757 1302,3757 1346,3760 1391,3763 1436,3766 1481,3766 1526,3769 1570,3772 1615,3775 1660,3778 1705,3781 1750,3784 1794,3787 1839,3790 1884,3793 1929,3796 1974,3799 2018,3802 2063,3805 2108,3810 2153,3813 2198,3816 2242,3819 2287,3822 2332,3825 2377,3831 2422,3834 2466,3837 2511,3843 2556,3843 2601,3849 2646,3852 2690,3855 2735,3861 2780,3864 2825,3867 2870,3873 2879,3873"/>
                <Word id="tr_1_tl_12_w1" custom="readingOrder {index:0;}">
                    <Coords points="291,3746 291,3806 397,3806 397,3746"/>
                    <TextEquiv>
                        <Unicode>but</Unicode>
                    </TextEquiv>
                </Word>
                <Word id="tr_1_tl_12_w2" custom="readingOrder {index:1;}">
                    <Coords points="453,3736 453,3796 506,3796 506,3736"/>
                    <TextEquiv>
                        <Unicode>f</Unicode>
                    </TextEquiv>
                </Word>
                <Word id="tr_1_tl_12_w3" custom="readingOrder {index:2;}">
                    <Coords points="559,3725 559,3785 612,3785 612,3725"/>
                    <TextEquiv>
                        <Unicode>an</Unicode>
                    </TextEquiv>
                </Word>
                <Word id="tr_1_tl_12_w4" custom="readingOrder {index:3;}">
                    <Coords points="669,3718 669,3778 801,3778 801,3718"/>
                    <TextEquiv>
                        <Unicode>not</Unicode>
                    </TextEquiv>
                </Word>
                <Word id="tr_1_tl_12_w5" custom="readingOrder {index:4;}">
                    <Coords points="858,3712 858,3772 990,3772 990,3712"/>
                    <TextEquiv>
                        <Unicode>able</Unicode>
                    </TextEquiv>
                </Word>
                <Word id="tr_1_tl_12_w6" custom="readingOrder {index:5;}">
                    <Coords points="1043,3711 1043,3771 1126,3771 1126,3711"/>
                    <TextEquiv>
                        <Unicode>te</Unicode>
                    </TextEquiv>
                </Word>
                <Word id="tr_1_tl_12_w7" custom="readingOrder {index:6;}">
                    <Coords points="1153,3715 1153,3775 1315,3775 1315,3715"/>
                    <TextEquiv>
                        <Unicode>tort</Unicode>
                    </TextEquiv>
                </Word>
                <Word id="tr_1_tl_12_w8" custom="readingOrder {index:7;}">
                    <Coords points="1368,3722 1368,3782 1395,3782 1395,3722"/>
                    <TextEquiv>
                        <Unicode>d</Unicode>
                    </TextEquiv>
                </Word>
                <Word id="tr_1_tl_12_w9" custom="readingOrder {index:8;}">
                    <Coords points="1448,3726 1448,3786 1531,3786 1531,3726"/>
                    <TextEquiv>
                        <Unicode>ny</Unicode>
                    </TextEquiv>
                </Word>
                <Word id="tr_1_tl_12_w10" custom="readingOrder {index:9;}">
                    <Coords points="1584,3739 1584,3799 1773,3799 1773,3739"/>
                    <TextEquiv>
                        <Unicode>right</Unicode>
                    </TextEquiv>
                </Word>
                <Word id="tr_1_tl_12_w11" custom="readingOrder {index:10;}">
                    <Coords points="1826,3752 1826,3812 1935,3812 1935,3752"/>
                    <TextEquiv>
                        <Unicode>arn</Unicode>
                    </TextEquiv>
                </Word>
                <Word id="tr_1_tl_12_w12" custom="readingOrder {index:11;}">
                    <Coords points="1988,3763 1988,3823 2098,3823 2098,3763"/>
                    <TextEquiv>
                        <Unicode>has</Unicode>
                    </TextEquiv>
                </Word>
                <Word id="tr_1_tl_12_w13" custom="readingOrder {index:12;}">
                    <Coords points="2151,3789 2151,3849 2582,3849 2582,3789"/>
                    <TextEquiv>
                        <Unicode>pheunacisn</Unicode>
                    </TextEquiv>
                </Word>
                <Word id="tr_1_tl_12_w14" custom="readingOrder {index:13;}">
                    <Coords points="2635,3814 2635,3874 2718,3874 2718,3814"/>
                    <TextEquiv>
                        <Unicode>ln</Unicode>
                    </TextEquiv>
                </Word>
                <Word id="tr_1_tl_12_w15" custom="readingOrder {index:14;}">
                    <Coords points="2771,3826 2771,3886 2851,3886 2851,3826"/>
                    <TextEquiv>
                        <Unicode>le</Unicode>
                    </TextEquiv>
                </Word>
                <TextEquiv>
                    <Unicode>but f an not able te tort d ny right arn has pheunacisn ln le</Unicode>
                </TextEquiv>
            </TextLine>
            <TextEquiv>
                <Unicode></Unicode>
            </TextEquiv>
        </TextRegion>
    </Page>
</PcGts>
